@article{ANDREEV2006275,
	title = "Middle Weichselian environments on western Yamal Peninsula, Kara Sea based on pollen records",
	journal = "Quaternary Research",
	volume = "65",
	number = "2",
	pages = "275 - 281",
	year = "2006",
	issn = "0033-5894",
	doi = "https://doi.org/10.1016/j.yqres.2005.11.005",
	url = "http://www.sciencedirect.com/science/article/pii/S0033589405001730",
	author = "Andrei A. Andreev and Steven L. Forman and Ólafur Ingólfsson and William F. Manley"}

@article{CHAKHMAKHCHEV1994311,
	title = "Geochemical characteristics of oils and source rocks in the Yamal peninsula, West Siberia, Russia",
	journal = "Organic Geochemistry",
	volume = "22",
	number = "2",
	pages = "311 - 322",
	year = "1994",
	issn = "0146-6380",
	doi = "https://doi.org/10.1016/0146-6380(94)90177-5",
	url = "http://www.sciencedirect.com/science/article/pii/0146638094901775",
	author = "Alexander Chakhmakhchev and Yoshikazu Sampei and Noriyuki Suzuki"}
	
@book{Dobrinskij,
	author = {Dobrinskij, L. N.},
	title = {{Priroda Jamala // Nature of Yamal}},
	publisher = {Nauka},
	location = {Ekaterinburg},
	isbn = {5-02-007435-7},
	edition = {1},
	language = {russian},
	pagetotal = 487,
	year = 1995}

@article{ERSHOV20181497,
	title = "Geologic structure and correlation of the Berriasian-Lower Aptian productive beds of the Gydan Peninsula (Russian Arctic)",
	journal = "Russian Geology and Geophysics",
	volume = "59",
	number = "11",
	pages = "1497 - 1507",
	year = "2018",
	issn = "1068-7971",
	doi = "https://doi.org/10.1016/j.rgg.2018.10.009",
	url = "http://www.sciencedirect.com/science/article/pii/S1068797118302347",
	author = "S.V. Ershov and V.N. Bardachevskii and N.I. Shestakova"}

@article{GORBUNTSOVA201967,
	title = "Diverse geographies of power and spatial production: Tourism industry development in the Yamal Peninsula, Northern Siberia",
	journal = "Annals of Tourism Research",
	volume = "76",
	pages = "67 - 79",
	year = "2019",
	issn = "0160-7383",
	doi = "https://doi.org/10.1016/j.annals.2019.03.006",
	url = "http://www.sciencedirect.com/science/article/pii/S0160738319300337",
	author = "Tatiana Gorbuntsova and Stephen Dobson and Nicola Palmer"}

@article{Hodkinson,
	author = {Hodkinson, I. D. and Wookey, P. A.},
	title = {{Functional ecology of soil organisms in tundra ecosystems: towards the future}},
	journal = {Applied Soil Ecology},
	volume = 11,
	issue = {2/3},
	pages = {111--126},	
	issn = {0929-1393},
	year = 1999}

@article{KATZ2003155,
	title = "Aspects of hydrocarbon charge of the petroleum system of the Yamal Peninsula, West Siberia basin",
	journal = "International Journal of Coal Geology",
	volume = "54",
	number = "1",
	pages = "155 - 164",
	year = "2003",
	note = "Papers from the TSOP/ICCP session, 53rd ICCP Meeting 2001, Copenhagen, Denmark, and from the 18th TSOP Meeting 2002, Houston, TX, USA",
	issn = "0166-5162",
	doi = "https://doi.org/10.1016/S0166-5162(03)00029-6",
	url = "http://www.sciencedirect.com/science/article/pii/S0166516203000296",
	author = "B.J. Katz and C.R. Robison and A. Chakhmakhchev"}

@article{KRYAZHIMSKIY2012598,
	title = "Simulation Modelling of the System “Vegetation Cover – Domestic Reindeer” in the Yamal Peninsula: Could Global Warming Help to Save the Traditional Way of Land Use?",
	journal = "Procedia Environmental Sciences",
	volume = "13",
	pages = "598 - 605",
	year = "2012",
	note = "18th Biennial ISEM Conference on Ecological Modelling for Global Change and Coupled Human and Natural System",
	issn = "1878-0296",
	doi = "https://doi.org/10.1016/j.proenv.2012.01.051",
	url = "http://www.sciencedirect.com/science/article/pii/S1878029612000527",
	author = "F.V. Kryazhimskiy and K.V. Maklakov and L.M. Morozova and S.N. Ektova"}

@inproceedings{Lemenkova201510,	
	title = {{Google Earth web service as a support for GIS mapping in geospatial research at universities}},	
	author = {Polina Lemenkova},
	booktitle = {Web-Technologies in the Educational Space},
	booksubtitle = {Problems, Approaches, Perspectives},
	booktitleaddon = {Proceedings of the International Conference},
	publisher = {OOO Rastr-NN}, 
	editor = {Aryutkina, S. V. and Napalkov, S. V.},
	pages = {460-464},
	venue = {Arzamas branch of the N. I. Lobachevsky State University of Nizhny Novgorod},
	location = {Arzamas, Russia},
	eventdate = {2015-03-26/2015-03-27},
	isbn = {978-5-9906469-1-9},
	doi = {10.6084/m9.figshare.7211798},
	url = {https://elibrary.ru/item.asp?id=23426340},
	language = {russian and english},
	langid = {english},
	month = 3,
	year = 2015}	

@inproceedings{Lemenkova201509,	
	title = {Satellite Image Based Mapping of Wetland Tundra Landscapes Using ILWIS GIS},	
	author = {Polina Lemenkova},
	booktitle = {Actual Problems of the State and Management of Water Resources},
	booktitleaddon = {Proceedings of the International Conference},
	publisher = {VolgaTech Press}, 
	editor = {Kusakin, A. V. and Efimova, T. N.},
	pages = {110-113},
	venue = {Volga State University of Technology},
	location = {Yoshkar-Ola, Mari El, Russia},
	eventdate = {2015-03-19},
	isbn = {978-5-9903856-9-6},
	url = {https://elibrary.ru/item.asp?id=24613025},
	doi = {10.6084/m9.figshare.7435520},	
	language = {russian},
	langid = {english}}

@inproceedings{Lemenkova201507,	
	title = {{Mapping agricultural lands by means of GIS for monitoring use of natural resources}},	
	author = {Polina Lemenkova},
	booktitle = {Actual Problems of the Conservation and Development of Biological Resources},
	booktitleaddon = {Proceedings of the International Conference},
	publisher = {UrGAU Press}, 
	editor = {Donnik, I. M. and Voronin, B. A. and Zorina, I. P. and Roshchina, N. V.},
	pages = {226-229},
	venue = {Ural State Agrarian University UrGAU},
	location = {Yekaterinburg, Russia},
	eventdate = {2015-02-27/2015-02-28},
	isbn = {978-5-87203-374-5},
	doi = {10.6084/m9.figshare.7211804},
	language = {russian},
	langid = {english}}	

@inproceedings{Lemenkova201505,	
	title = {{Processing Remote Sensing Data Using Erdas Imagine for Mapping Aegean Sea Region, Turkey}},	
	author = {Polina Lemenkova},
	booktitle = {Informatics},
	booksubtitle = {Problems, Methodology, Technologies},
	booktitleaddon = {Proceedings of 15th International Conference},
	volume = 3,
	publisher = {VGU Press}, 
	pages = {11-15},
	venue = {Voronezh State University},
	location = {Voronezh, Russia},
	eventdate = {2015-02-12/2015-02-13},
	isbn = {5-9273-0681-0},
	url = {https://elibrary.ru/item.asp?id=26663916},
	doi = {10.6084/m9.figshare.7434191},	
	language = {english},
	langid = {english}}	
	
@inproceedings{Lemenkova201503,	
	title = {{Spatial Analysis for Environmental Mapping of \v{S}umava National Park}},
	author = {Polina Lemenkova},
	booktitle = {6th Annual PGS Conference},
	booktitleaddon = {Conference Abstracts},
	publisher = {CU Press}, 
	pages = {53},
	venue = {Ben\'{a}tsk\'{a} 2, Praha 2, Czechia},
	location = {Inst. for Environmental studies, Charles University in Prague (CU)},
	eventdate = {2015-01-27},
	doi = {10.6084/m9.figshare.7211843},
	url = {https://www.natur.cuni.cz/fakulta/zivotni-prostredi/aktuality/prilohy-a-obrazky/konference/pgs-koference-2015-program},
	language = {english},
	langid = {english}}	

@inproceedings{Lemenkova2014n,	
	title = {{Risks of Cryogenic Landslide Hazards and Their Impact on Ecosystems in Cold Environments}},
	author = {Polina Lemenkova},
	booktitle = {The Effects of Irrigation and Drainage on Rural and Urban Landscapes},
	booktitleaddon = {Book of Abstracts, 1st International Symposium},
	publisher = {IRLA}, 
	eventtitleaddon = {IRLA2014},
	pages = {27},
	venue = {Technological Educational Institution (TEIEP) of Epirus},
	location = {Patras, Greece},
	eventdate = {2014-11-26/2014-11-28},
	url = {https://www.irrigation-Management.eu/},
	doi = {10.6084/m9.figshare.7211846},
	language = {english},
	langid = {english}}

@inproceedings{Lemenkova2014l,	
	title = {{Detection of Vegetation Coverage in Urban Agglomeration of Brussels by NDVI Indicator Using eCognition Software and Remote Sensing Measurements}},
	author = {Polina Lemenkova},
	booktitle = {GIS and Remote Sensing},
	booksubtitle = {GIS Day},
	booktitleaddon = {Proceedings of the 3rd International Conference},
	publisher = {Print Way}, 
	editor = {Manandyan, H.},
	pages = {112-119},
	venue = {Environmental Res. \& GIS Centre},
	location = {Tsaghkadzor, Armenia},
	eventdate = {2014-11-17/2014-11-19},
	doi = {10.6084/m9.figshare.7434215},
	language = {english},
	langid = {english}}

@inproceedings{Lemenkova2014i,	
	title = {{Cost-Effective Raster Image Processing for Geoecological Analysis using ISOCLUST Classifier: a Case Study of Estonian Landscapes}},
	author = {Polina Lemenkova},
	booktitle = {Modern Problems of Geoecology and Landscapes Studies},
	booktitleaddon = {Proceedings of the 5th International Conference},
	publisher = {BSU Press}, 
	editor = {Vitchenko, A. N. and Martsinkevich, G. I. and Vlasov, B. P. and Gagina, N. V. and Yatsukhno, V. M.},
	pages = {74--76},
	venue = {Belarus State University (BSU)},
	location = {Minsk, Belarus},
	eventdate = {2014-10-14/2014-10-17},
	isbn = {978-985-476-629-4},
	doi = {10.6084/m9.figshare.7211870},
	url = {https://www.elib.bsu.by/bitstream/123456789/103641/1/geoconf80.pdf},
	language = {english},
	langid = {english}}

@inproceedings{Lemenkova2014g,	
	title = {{Rural Sustainability and Management of Natural Resources in Tian Shan Region, Central Asia}},
	author = {Polina Lemenkova},
	booktitle = {International Conference 'Celebrating Pastoral Life'},
	eventtitleaddon = {CANEPAL},
	booksubtitle = {Heritage and Economic Develop.},
	booktitleaddon = {Proceedings International Conference},
	publisher = {PRISMA Centre for Development Studies}, 
	editor = {Fouli Papageorgiou},
	pages = {81-89},
	venue = {17 Empedocleous Str., Athens},
	location = {Athens, Greece},
	eventdate = {2014-09-11/2014-09-13},
	isbn = {978-960-6676-22-2},
	doi = {10.6084/m9.figshare.7211927.v2},
	language = {english},
	langid = {english}}	

@inproceedings{Lemenkova2014e,	
	title = {{Opportunities for Classes of Geography in the High School: the Use of ’CORINE’ Project Data, Satellite Images and IDRISI GIS for Geovisualization}},	
	author = {Polina Lemenkova},
	booktitle = {Perspectives for the Development of Higher Education},
	booktitleaddon = {Proceedings of 7th International Conference},
	publisher = {GGAU Press}, 
	editor = {Pestis, V.K. and Duduk, A. A. and Sviridov, A. V. and Yurgel, S. I.},
	pages = {284-286},
	venue = {Grodno State Agrarian University GGAU},
	location = {Grodno, Belarus},
	eventdate = {2014-04-24/2014-04-25},
	isbn = {978-985-537-042-1},
	doi = {10.6084/m9.figshare.7211933},
	url = {https://www.ggau.by/downloads/prints/Sbornik_72014_konferencii_perspektivy_razvitija_vysshej_shkoly.pdf},
	language = {english},
	langid = {english}}	

@inproceedings{Lemenkova2014d,
	author = {Michal Klau\v{c}o and Bohuslava Gregorov\'{a} and Ugljesa Stankov and Vladimir Markovi\'{c} and Polina Lemenkova},
	booktitle = {Ecology and Environmental Protection},
	booktitleaddon = {Proceedings of International Conference},
	title = {{Landscape metrics as indicator for ecological significance: assessment of Sitno Natura 2000 sites, Slovakia}},
	venue = {Belarusian State University},
	location = {Minsk, Belarus},
	eventdate = {2014-03-19/2014-03-20},
	publisher = {BSU Press},
	pages = {85--90},
	options = {maxnames=99},
	url = {http://elib.bsu.by/handle/123456789/103362},
	doi = {10.6084/m9.figshare.7434200},
	language = {english},
	langid = {english}}
	
@inproceedings{Lemenkova2013b,
	author = {Polina Lemenkova},
	title = {{Monitoring changes in agricultural landscapes of Central Europe, Hungary: application of ILWIS GIS for image processing}},
	booktitle = {Geoinformatics: Theoretical and Applied Aspects},
	booktitleaddon = {Proceedings of 12th International Conference},
	doi = {10.3997/2214-4609.20142479},
	venue = {Great Conference Hall National Academy of Science of Ukraine},
	location = {Kiev, Ukraine},
	eventdate = {2013-05-13/2013-05-16},
	language = {english},
	langid = {english}}

@article{RID:0925180235504-2,
	author = {Michal Klau\v{c}o and Bohuslava Gregorov\'{a} and Ugljesa Stankov and Vladimir Markovi\'{c} and Polina Lemenkova},
	title = {{Determination of ecological significance based on geostatistical assessment: a case study from the Slovak Natura 2000 protected area}},
	Journal = {Central European Journal of Geosciences},
	number = 1,
	volume = 5,
	pages = {28-42},
	issn = {1896-1517},
	publisher = {De Gruyter},
	options = {maxnames=99},
	doi = {10.2478/s13533-012-0120-0},
	url = {https://www.degruyter.com/view/j/geo.2013.5.issue-1/s13533-012-0120-0/s13533-012-0120-0.xml?format=INT},
	language = {english},
	langid = {english},
	year = 2013}
	
@article{Lemenkova2013j,
	title = {{Geospatial Technology for Land Cover Analysis}},
	author = {Polina Lemenkova},
	Journal = {Middle East and Africa (MEA) Geospatial Digest},
	addendum = {e-magazine (periodical)},
	doi = {10.6084/m9.figshare.7439228},
	url = {https://www.geospatialworld.net/article/geospatial-technology-for-land-cover-analysis/},
	language = {english},
	langid = {english},
	month = 11,
	year = 2013}

@inproceedings{Lemenkova2012l,
	title = {{Impacts of Climate Change on Landscapes in Central Europe, Hungary}},
	booktitle = {{Current Problems of Ecology}},
	booksubtitle = {Ecological Monitoring and Management of Natural Protection},
	booktitleaddon = {Proceedings of 8th International Conference},
 	volume = 2,
	author={Polina Lemenkova},
	publisher = {YKSUG Press}, 
	pages = {134--136},
	venue = {Yanka Kupala State University of Grodno YKSUG},
	location = {Grodno, Belarus},
	eventdate = {2012-10-24/2012-10-26},
	doi = {10.6084/m9.figshare.7211993},	
	url = {https://elib.grsu.by/katalog/173327-393652.pdf},
	language = {english},
	langid = {english}}
	
@inproceedings{Lemenkova2012k,	
	title = {{Water Supply and Usage in Central Asia, Tian Shan Basin}},
	author = {Polina Lemenkova},
	booktitle = {Civil Eng., Architecture \& Environmental Protection},
	booksubtitle = {PhiDAC-2012},
	booktitleaddon = {Proceedings of the 4th International Symposium for Doctoral studies in the Fields of Civil Engineering, Architecture \& Environmental Protection},
	publisher = {University of Ni\v{s} Publishing Center}, 
	editor = {Grdic, Z. and Toplicic-Curcic, G.},
	pages = {331-338},
	venue = {University of Ni\v{s}, Faculty of Civil Eng. \& Architecture},
	location = {Ni\v{s}, Serbia},
	eventdate = {2012-09-27/2012-09-28},
	isbn = {978-86-88601-05-4},
	doi = {10.6084/m9.figshare.7211999},	
	language = {english},
	langid = {english},
	month = 9,
	year = 2012}
	
@inproceedings{Lemenkova2012j,
	author = {Polina Lemenkova and Catrin Promper and Thomas Glade},
	title = {{Economic Assessment of Landslide Risk for the Waidhofen a.d. Ybbs Region, Alpine Foreland, Lower Austria}},
	booktitle = {Protecting Society through Improved Understanding},
	booktitleaddon = {11th International Symposium on Landslides \& the 2th North American Symposium on Landslides \& Engineered Slopes. Protecting Society through Improved Understanding},
	eventtitleaddon = {NASL},
	editor = {Eberhardt, E. and Froese, C. and Turner, A. K. and Leroueil, S.},
	location = {Banff, AB, Canada},
	eventdate = {2012-06-02/2012-06-08},
	options = {maxnames=99},
	pages = {279--285},
	doi = {10.6084/m9.figshare.7434230},
	language = {english},
	langid = {english},
	month = 6,
	year = 2012}

@inproceedings{Lemenkova2012i,
	author = {Polina Lemenkova and Catrin Promper and Thomas Glade},
	title = {{Economic Assessment of Landslide Risk for the Waidhofen a.d. Ybbs Region, Alpine Foreland, Lower Austria}},
	booktitle = {11th International Symposium on Landslides \& the 2th North American Symposium on Landslides \& Engineered Slopes. Protecting Society through Improved Understanding},
	eventtitleaddon = {NASL},
	address = {Banff, AB, Canada},
	note = {Poster},
	doi = {10.13140/RG.2.2.10077.05600},
	language = {english},
	langid = {english},
	eventdate = {2012-06-02}}
	
@inproceedings{Lemenkova2012g,
	author = {Polina Lemenkova and Istv\'{a}n Elek},
	booktitle = {Geosciences and Environment},
	booktitleaddon = {Proceedings 3rd International Conference},
	booksubtitle = {Near-Surface Geophysics},
	title = {{Clustering Algorithm in ILWIS GIS for Classification of Landsat TM Scenes: a Case Study of Mecsek Hills Region, Hungary}},
	venue = {Association of Geophysicists \& Environmentalists of Serbia (AGES)}, 
	editor = {Komatina-Petrovic, S.},
	location = {Belgrade, Serbia},
	eventdate = {2012-05-27/2012-05-29},
	doi = {10.6084/m9.figshare.7434218.v1},
	language = {english},
	langid = {english}}

@inproceedings{Lemenkova2012d,
	author = {Polina Lemenkova and Bruce Forbes and Timo Kumpula},
	booktitle = {Geoinformatics: Theoretical and Applied Aspects},
	booktitleaddon = {Proceedings of the 11th International Conference},
	title = {{Mapping Land Cover Changes Using Landsat TM: A Case Study of Yamal Ecosystems, Arctic Russia}},
	venue = {Great Conference Hall National Academy of Science of Ukraine},
	location = {Kiev, Ukraine},
	eventdate = {2012-05-14/2012-05-17},
	url = {https://elibrary.ru/item.asp?id=24527736},
	doi = {10.6084/m9.figshare.7434242.v1},	
	language = {english},
	langid = {english}}

@thesis{Lemenkova2011c,
	author = {Polina Lemenkova},
	title = {{Seagrass Mapping and Monitoring Along the Coasts of Crete, Greece}},
	school = {University of Twente, Faculty of Earth Observation and Geoinformation (ITC)},
	address = {Enschede, Netherands},
	pagetotal = 158,
	type = {M.Sc. Thesis},
	doi = {10.13140/RG.2.2.16945.22881},
	url = {https://thesiscommons.org/p4h9v},
	language = {english},
	language = {english},
	langid = {english},
	date = {2011-03-08}}

@article{Lemenkova2008b,
	 author = {Hans Werner Schenke and Polina Lemenkova},
	 title = {{Zur Frage der Meeresboden-Kartographie: Die Nutzung von AutoTrace Digitizer f\"{u}r die Vektorisierung der Bathymetrischen Daten in der Petschora-See}},
	 journal = {Hydrographische Nachrichten},
	 volume = 25, 
	 number = 81,
	 pages = {16--21},
	 language = {german},
	 langid = {english},
	 issn = {0934-7747},
	 doi = {10.6084/m9.figshare.7435538.v2},	 month = 6,
	 year = 2008}
	
@article{Lemenkova2007f,
	author = {Steffen Gauger and Gerhard Kuhn and Karsten Gohl and Thomas Feigl and Polina Lemenkova and Claus Hillenbrand},
	title = {{Swath-bathymetric mapping}},
	journal={The expedition ANTARKTIS-XXIII/4 of the Res. Vessel 'Polarstern' in 2006. Berichte zur Polar- und Meeresforschung // Rep. on Polar and Marine Res.}, 
	volume = 557,
	publisher = {Alfred Wegener Institute f\"{u}r Polar- und Meeresforschung},
	editor = {Karsten Gohl},
	address = {Bremerhaven, Germany},
	pages = {38--45},
	issn = {1618-3193},
	addendum = {In English Ant. Acc. No.: 85104. CRREL Acc. No.: 63000887; illus., incl. sketch maps},
	url = {https://www.coldregions.org/vufind/Record/288392},
	doi = {10.6084/m9.figshare.7439231},
	options = {maxnames=99},
	language = {english},
	langid = {english},
	year = 2007}	
	
@thesis{Lemenkova2007b,
	title = {{Using ArcGIS in Teaching Geosciences}},
	author = {Polina Lemenkova},
	school = {Lomonosov Moscow State University, Faculty of Educational Studies},
	editor = {Inna Suetova},
	address = {Moscow, Russia},
	pagetotal = 58,
	doi = {10.13140/RG.2.2.12357.70885},
	url = {https://thesiscommons.org/nmjgz},
	type = {B.Sc. Thesis},
	language = {russian},
	langid = {english},
	date = {2007-06-05}}
	
@inproceedings{Lemenkova2005b1,
	author = {Inna Suetova and Ludmila Ushakova and Polina Lemenkova},
	title = {{Geoecological Mapping of the Barents Sea Using GIS}},
	booktitle = {Digital Cartography \& GIS for Sustainable Development of Territories},
	booktitleaddon = {Proceedings of the International Cartographic Conference},
	howpublished = {Session 4 'Land Management (3)'},
	eventtitleaddon = {ICC},
	eventdate = {2005-07-09/2005-07-16},
	location = {La Coru{\~n}a, Espa{\~n}a},
	keywords = {inproceedings},
	doi = {10.6084/m9.figshare.7435529},
	url = {https://icaci.org/icc2005/},
	language = {english},
	langid = {english},
	year = 2005}
		
@article{Lemenkova2005a,
	author = {Inna Suetova and Ludmila Ushakova and Polina Lemenkova},
	title = {{Geoinformation mapping of the Barents and Pechora Seas}},
	journal = {Geography and Natural Resources}, 
	volume = 4,
	publisher = {Siberian Branch RAS},
	editor = {Snytko, V. A.},
	address = {Novosibirsk},
	pages = {138--142},
	issn = {1875-3728},
	doi = {10.6084/m9.figshare.7435535},
	url = {http://www.izdatgeo.ru/journal.php?action=output&id=3&lang_num=2&id_dop=68},	language = {english},
	langid = {english},
	keywords = {article},
	month = 12,
	year = 2005}	

@thesis{Lemenkova2004a,
	author = {Polina Lemenkova},
	title = {{Geoecological Mapping of the Barents and Pechora Seas}},
	school = {Lomonosov Moscow State University, Faculty of Geography, Deparmnet of Cartography and Geoinformatics},
	address = {Moscow, Russia},
	editor = {Inna Suetova and Ludmila Ushakova},
	pagetotal = 78,
	type = {B.Sc. Thesis},
	keywords = {thesis},
	doi = {10.13140/RG.2.2.25360.05122},
	url = {https://thesiscommons.org/bvwcr},
	language = {russian},
	langid = {english},
	date = {2004-05-18},
	year = 2004}

@article{Pajunen,
	author = {Pajunen, A. M. and Kaarlejärvi, E. M. and Forbes, B. C. and Virtanen, R.},
	title = {{Compositional differentiation, vegetation-environment relationships and classification of willow-characterised vegetation in the western Eurasian Arctic}},
	journal = {Journal of Vegetation Science},
	volume = 21,
	issue = 1,
	pages = {107--119},	
	doi = {10.1111/j.1654-1103.2009.01123.x},
	year = 2010}
	
@article{McKendrick,
	author = {McKendrick, J. D.},
	title = {{Plant Succession on Distributed Sites, North Slope, Alaska, U.S.A.}},
	journal = {Arctic and Alpine Research},
	volume = 19,
	issue = 4,
	pages = {554--565},	
	year = 1987}
	
@inbook{Ukraintseva,
	title = {{Results of basic research of Earth cryosphere in Arctic and Subarctic}},
	author = {Ukraintseva, N. G.},
	chapter = {{Willows tundra of Yamal as the indicator of salinity of superficial sediments.}},
	language = {russian},
	publisher = {Nauka Publisher},
	address = {Novosibirsk},
	pages = {182--187},	
	year = 1997}

@article{Ukraintsevaetal2003,
	author = {Ukraintseva, N. G. and Streletskaya, I. D. and Ermokhina, K. A. and Yermakov I. D.},
	title = {{Geochemical properties of plant-soil-permafrost systems on landslide slopes, Yamal, Russia}},
	journal = {Permafrost},
	pages = {1149--1154},
	editor = {Phillips and Springman and Arenson},
	publisher = {Swets \& Zeitlinger, Lisse}, 
	isbn = {9058095827},
	year = 2003}

@article{Walker,
	author = {Walker, D. A. and Leibman, M. O. and Epstein, H. E. and Forbes, B. C. and Bhatt, U. S. and Raynolds, M. K. and Comiso, J. C. and Gubarkov, A. A. and Khomutov, A. V. and Jia., G. J. and Kaarlejärvi, E. and Kaplan, J. O. and Kumpula, T. and Kuss, P. and Matyshak, G. and Moskalenko, N. G. and Orekhov, P. and Romanovsky, V. E. and Ukraintseva, N. G. and Yi, Q.},
	title = {{Spatial and temporal patterns of greenness on the Yamal Peninsula, Russia: interactions of ecological and social factors affecting the Arctic normalized difference vegetation index}},
	journal = {Environmental Research Letters},
	volume = 4,
	issue = 4,
	pages = {1--17},	
	doi = {10.1088/1748-9326/4/4/045004},
	year = 2009}