	
@inproceedings{Lemenkova2014i,	
	title = {{Cost-Effective Raster Image Processing for Geoecological Analysis using ISOCLUST Classifier: a Case Study of Estonian Landscapes}},
	author = {Polina Lemenkova},
	booktitle = {Modern Problems of Geoecology and Landscapes Studies},
	booktitleaddon = {Proceedings of the \nth{5} International Conference},
	publisher = {BSU Press}, 
	editor = {Vitchenko, A. N. and Martsinkevich, G. I. and Vlasov, B. P. and Gagina, N. V. and Yatsukhno, V. M.},
	pages = {74--76},
	venue = {Belarus State University (BSU)},
	location = {Minsk, Belarus},
	eventdate = {2014-10-14/2014-10-17},
	isbn = {978-985-476-629-4},
	doi = {10.6084/m9.figshare.7211870},
	keywords = {inproceedings},
	url = {https://www.elib.bsu.by/bitstream/123456789/103641/1/geoconf80.pdf},
	language = {english},
	langid = {english},
	year = 2014}

@inproceedings{Lemenkova2014g,	
	title = {{Rural Sustainability and Management of Natural Resources in Tian Shan Region, Central Asia}},
	author = {Polina Lemenkova},
	booktitle = {Celebrating Pastoral Life},
	eventtitleaddon = {CANEPAL},
	booksubtitle = {Heritage and Economic Development},
	booktitleaddon = {Proceedings of the International Conference},
	editor = {Fouli Papageorgiou},
	pages = {81-89},
	location = {Athens, Greece},
	eventdate = {2014-09-11/2014-09-13},
	isbn = {978-960-6676-22-2},
	keywords = {inproceedings},
	url = {http://www.prismanet.gr/canepal/en-news/en-Conf.s/item/download/184},
	language = {english},
	langid = {english},
	year = 2014}
		
@inproceedings{Lemenkova2014e,	
	title = {{Opportunities for Classes of Geography in the High School: the Use of ’CORINE’ Project Data, Satellite Images and IDRISI GIS for Geovisualization}},	
	author = {Polina Lemenkova},
	booktitle = {Perspectives for the Development of Higher Education},
	booktitleaddon = {Proceedings of the \nth{7} International Conference},
	publisher = {GGAU Press}, 
	editor = {Pestis, V.K. and Duduk, A. A. and Sviridov, A. V. and Yurgel, S. I.},
	pages = {284-286},
	venue = {Grodno State Agrarian University GGAU},
	location = {Grodno, Belarus},
	eventdate = {2014-04-24/2014-04-25},
	isbn = {978-985-537-042-1},
	doi = {10.6084/m9.figshare.7211933},
	relatedtype = {prelim},
	language = {english},
	langid = {english},
	year = 2014}	
	
@inproceedings{Lemenkova2014d,
	author = {Michal Klau\v{c}o and Bohuslava Gregorov\'{a} and Ugljesa Stankov and Vladimir Markovi\'{c} and Polina Lemenkova},
	booktitle = {Ecology and Environmental Protection},
	booktitleaddon = {Conference Proceedings},
	title = {{Landscape metrics as indicator for ecological significance: assessment of Sitno Natura 2000 sites, Slovakia}},
	venue = {Belarusian State University},
	location = {Minsk, Belarus},
	eventdate = {2014-03-19/2014-03-20},
	publisher = {BSU Press},
	pages = {85--90},
	options = {maxnames=99},
	url = {http://elib.bsu.by/handle/123456789/103362},
	doi = {10.6084/m9.figshare.7434200},
	language = {english},
	langid = {english},
	year = 2014}	
	
@inproceedings{Lemenkova2014a,
	author = {Polina Lemenkova},
	title = {{Spatial Analysis for the Assessment of the Environmental Changes in the Landscapes of Izmir Surroundings}},
	booktitle = {\nth{10} International Conference on Environmental, Cultural, Economic and Social Sustainability},
	pagetotal = 31,
	venue = {University of Split},
	address = {Split, Croatia},
	keywords = {presentation},
	doi = {10.13140/RG.2.2.31446.40004},
	url = {https://onsustainability.com/},
	language = {english},
	langid = {english},
	doi+an = {=openaccess},
	date = {2014-01-22},
	year = 2014}

@article{RID:0925180235504-2,
	author = {Michal Klau\v{c}o and Bohuslava Gregorov\'{a} and Ugljesa Stankov and Vladimir Markovi\'{c} and Polina Lemenkova},
	title = {{Determination of ecological significance based on geostatistical assessment: a case study from the Slovak Natura 2000 protected area}},
	Journal = {Central European Journal of Geosciences},
	number = 1,
	volume = 5,
	pages = {28-42},
	issn = {1896-1517},
	publisher = {De Gruyter (Poland, Warsaw). Renamed since 2014: Open Geosciences},
	options = {maxnames=99},
	url = {https://www.degruyter.com/view/j/geo.2013.5.issue-1/s13533-012-0120-0/s13533-012-0120-0.xml?format=INT},
	language = {english},
	langid = {english},
	doi = {10.2478/s13533-012-0120-0},
	year = 2013}

@inproceedings{Lemenkova2013g,
	author = {Polina Lemenkova},
	title = {{Effects of Socio-Economic Changes in the Post-Soviet Estonia on the Landscapes Diversification and Tourism Development}},
	booktitle = {Contemporary Trends in Tourism and Hospitality},	
	booktitleaddon = {Abstract Book},
	editor = {Mimica-Duki\'{c}, N.},
	organization = {University of Novi Sad, Department of Geography, Tourism and Hotel Management},
	venue = {Chamber of Economy of Vojvodina},
	location = {Novi Sad, Serbia},
	eventdate = {2013-09-26/2013-09-27},
	url = {http://www.dgt.uns.ac.rs/ctth2013/},
	pages = {73},
	doi = {10.6084/m9.figshare.7211951},
	language = {english},
	langid = {english},
	year = 2013}
	
@inproceedings{Lemenkova2013b,
	author = {Polina Lemenkova},
	title = {{Monitoring changes in agricultural landscapes of Central Europe, Hungary: application of ILWIS GIS for image processing}},
	booktitle = {Geoinformatics: Theoretical and Applied Aspects},
	booktitleaddon = {Proceedings of the \nth{12} International Conference},
	doi = {10.3997/2214-4609.20142479},
	venue = {Great Conference Hall of the National Academy of Sciences of Ukraine},
	location = {Kiev, Ukraine},
	eventdate = {2013-05-13/2013-05-16},
	language = {english},
	langid = {english},
	year = 2013}

@inproceedings{Lemenkova2013h,
	author = {Michal Klau\v{c}o and Bohuslava Gregorov\'{a} and Ugljesa Stankov and Vladimir Markovic and Polina Lemenkova},
	title = {{Interpretation of Landscape Values, Typology and Quality Using Methods of Spatial Metrics for Ecological Planning}},
	booktitle = {Environmental \& Climate Technologies. Proceedings of the \nth{54} Conference},
	venue = {Riga Technical University},
	address = {Riga, Latvia},
	keywords = {poster},
	doi = {10.13140/RG.2.2.23026.96963},
	options = {maxnames=999},
	language = {english},
	langid = {english},
	eventdate = {2013-10-14},
	year = 2013}

@inproceedings{Lemenkova2013i,
	author = {Polina Lemenkova},
	booktitle = {{Environmental and Climate Technologies}},
	booktitleaddon = {Proceedings of the \nth{54} Conference},
	title = {{Current Problems of Water Supply and Usage in Central Asia, Tian Shan Basin}},
	editor = {Ro\v{s}a, M.},
	forward = {Ro\v{s}a, M.},
	doi = {10.7250/iscect.2013.002},
	eprinttype = {HAL},
	eprint = {hal-01964401},
	pages = {11-16},
	venue = {Riga Technical University, Institute of Energy Systems and Environment},
	location = {Riga, Latvia},
	eventdate = {2013-10-14/2013-10-16},
	url = {https://ect-journals.rtu.lv/article/view/iscect.2013.002/275},
	language = {english},
	langid = {english},
	year = 2013}

@periodical{Lemenkova2013j,
	title = {{Geospatial Technology for Land Cover Analysis}},
	author = {Polina Lemenkova},
	subtitle = {Middle East and Africa (MEA) Geospatial Digest},
	addendum = {e-magazine},
	doi = {10.6084/m9.figshare.7439228},	
	url = {https://www.geospatialworld.net/article/geospatial-technology-for-land-cover-analysis/},
	language = {english},
	langid = {english},
	month = 11,
	year = 2013}

@inproceedings{Lemenkova2013k,
	author = {Polina Lemenkova},
	title = {{Current Development of Tourism and Recreation on Baltic Sea Coasts: New Directions and Perspectives}},
	booktitle = {{The Image and Sustainability of Tourist Destinations}},
	booktitleaddon = {Proc. \nth{6} International Tourism Congress},
	editor = {Almeida, P. and Jorge, J. P. and Costa, J. and Dias, F.},
	venue = {Instituto Polit\'{e}cnico de Leiria},
	pages = {126--132},
	location = {Peniche, Portugal},
	eventdate = {2013-11-27/2013-11-29},
	doi = {10.6084/m9.figshare.7211945},
	isbn = {978-989-97395-1-2},
	url = {http://itc.ipleiria.pt/previous-editions/itc13/itc13-proceedings/},
	language = {english},
	langid = {english},
	year = 2013}

@inproceedings{Lemenkova2013l,
	author = {Polina Lemenkova},
	title = {{Current Development of Tourism and Recreation on Baltic Sea Coasts: New Directions and Perspectives}},
	booktitle = {{\nth{6} International Tourism Congress 'The Image \& Sustainability of Tourist Destinations'}},
	pagetotal = 37,
	venue = {Instituto Polit\'{e}cnico de Leiria}, 
	address = {Peniche, Portugal},
	doi = {10.13140/RG.2.2.35740.64647},
	doi+an = {=openaccess},
	eprinttype = {HAL},
	eprint = {cel-01991163},
	url = {http://itc.ipleiria.pt/previous-editions/itc13/itc13-proceedings/},
	language = {english},
	langid = {english},
	date = {2013-11-27},
	year = 2013}

@inproceedings{Lemenkova2012l,
	title = {{Impacts of Climate Change on Landscapes in Central Europe, Hungary}},
	booktitle = {{Current Problems of Ecology}},
	booksubtitle = {Ecological Monitoring and Management of Natural Protection},
	booktitleaddon = {Proceedings of the \nth{8} International Conference},
 	volume = 2,
	author={Polina Lemenkova},
	publisher = {YKSUG Press}, 
	pages = {134--136},
	venue = {Yanka Kupala State University of Grodno YKSUG},
	location = {Grodno, Belarus},
	eventdate = {2012-10-24/2012-10-26},
	doi = {10.6084/m9.figshare.7211993},
	url = {https://elib.grsu.by/katalog/173327-393652.pdf},
	language = {english},
	langid = {english},
	year = 2012}

@inproceedings{Lemenkova2012k,	
	title = {{Water Supply and Usage in Central Asia, Tian Shan Basin}},
	author = {Polina Lemenkova},
	booktitle = {Civil Engineering, Architecture \& Environmental Protection},
	booksubtitle = {PhiDAC-2012},
	booktitleaddon = {Proceedings of the \nth{4} International Symposium for Doctoral studies in the Fields of Civil Engineering, Architecture \& Environmental Protection},
	publisher = {University of Ni\v{s} Publishing Center}, 
	editor = {Grdic, Z. and Toplicic-Curcic, G.},
	pages = {331-338},
	venue = {University of Ni\v{s}, Faculty of Civil Engineering \& Architecture},
	location = {Ni\v{s}, Serbia},
	eventdate = {2012-09-27/2012-09-28},
	isbn = {978-86-88601-05-4},
	doi = {10.6084/m9.figshare.7211999},
	language = {english},
	langid = {english},
	month = 9,
	year = 2012}

@inproceedings{Lemenkova2012g,
	author = {Polina Lemenkova and Istv\'{a}n Elek},
	booktitle = {Geosciences and Environment},
	booktitleaddon = {Proceedings of the \nth{3} International Conference},
	booksubtitle = {Near-Surface Geophysics},
	title = {{Clustering Algorithm in ILWIS GIS for Classification of Landsat TM Scenes: a Case Study of Mecsek Hills Region, Hungary}},
	venue = {Association of Geophysicists \& Environmentalists of Serbia (AGES)}, 
	editor = {Komatina-Petrovic, S.},
	location = {Belgrade, Serbia},
	eventdate = {2012-05-27/2012-05-29},
	doi = {10.6084/m9.figshare.7434218.v1},
	language = {english},
	langid = {english},
	keywords = {inproceedings},
	year = 2012}
	
@thesis{Lemenkova2011c,
	author = {Polina Lemenkova},
	title = {{Seagrass Mapping and Monitoring Along the Coasts of Crete, Greece}},
	school = {University of Twente, Faculty of Earth Observation and Geoinformation (ITC)},
	address = {Enschede, Netherands},
	pagetotal = 158,
	type = {M.Sc. Thesis},
	doi = {10.13140/RG.2.2.16945.22881},
	url = {https://thesiscommons.org/p4h9v},
	language = {english},
	language = {english},
	langid = {english},
	date = {2011-03-08},
	year = 2011}

@article{Lemenkova2008b,
	 author = {Hans Werner Schenke and Polina Lemenkova},
	 title = {{Zur Frage der Meeresboden-Kartographie: Die Nutzung von AutoTrace Digitizer f\"{u}r die Vektorisierung der Bathymetrischen Daten in der Petschora-See}},
	 journal = {Hydrographische Nachrichten},
	 volume = 25, 
	 number = 81,
	 pages = {16--21},
	 language = {german},
	 langid = {english},
	 issn = {0934-7747},
	 doi = {10.6084/m9.figshare.7435538.v2},	 month = 6,
	 year = 2008}
	
@thesis{Lemenkova2007b,
	title = {{Using ArcGIS in Teaching Geosciences}},
	author = {Polina Lemenkova},
	school = {Lomonosov Moscow State University, Faculty of Educational Studies},
	editor = {Inna Suetova},
	address = {Moscow, Russia},
	pagetotal = 58,
	doi = {10.13140/RG.2.2.12357.70885},
	url = {https://thesiscommons.org/nmjgz},
	type = {B.Sc. Thesis},
	language = {russian},
	langid = {english},
	date = {2007-06-05},
	year = 2007}	
	
@inproceedings{Lemenkova2005b1,
	author = {Inna Suetova and Ludmila Ushakova and Polina Lemenkova},
	title = {{Geoecological Mapping of the Barents Sea Using GIS}},
	booktitle = {Digital Cartography \& GIS for Sustainable Development of Territories},
	booktitleaddon = {Proceedings of the International Cartographic Conference},
	howpublished = {Session 4 'Land Management (3)'},
	eventtitleaddon = {ICC},
	eventdate = {2005-07-09/2005-07-16},
	location = {La Coru{\~n}a, Espa{\~n}a},
	keywords = {inproceedings},
	doi = {10.6084/m9.figshare.7435529},
	url = {https://icaci.org/icc2005/},
	language = {english},
	langid = {english},
	year = 2005}
		
@article{Lemenkova2005a,
	author = {Inna Suetova and Ludmila Ushakova and Polina Lemenkova},
	title = {{Geoinformation mapping of the Barents and Pechora Seas}},
	journal = {Geography and Natural Resources}, 
	volume = 4,
	publisher = {Siberian Branch RAS},
	editor = {Snytko, V. A.},
	address = {Novosibirsk},
	pages = {138--142},
	issn = {1875-3728},
	doi = {10.6084/m9.figshare.7435535},
	url = {http://www.izdatgeo.ru/journal.php?action=output&id=3&lang_num=2&id_dop=68},	language = {english},
	langid = {english},
	keywords = {article},
	month = 12,
	year = 2005}	

@thesis{Lemenkova2004a,
	author = {Polina Lemenkova},
	title = {{Geoecological Mapping of the Barents and Pechora Seas}},
	school = {Lomonosov Moscow State University, Faculty of Geography, Department of Cartography and Geoinformatics},
	address = {Moscow, Russia},
	editor = {Inna Suetova and Ludmila Ushakova},
	pagetotal = 78,
	type = {B.Sc. Thesis},
	keywords = {thesis},
	doi = {10.13140/RG.2.2.25360.05122},
	url = {https://thesiscommons.org/bvwcr},
	language = {russian},
	langid = {english},
	date = {2004-05-18},
	year = 2004}