@inproceedings{Lemenkova201523,	
	title = {{Innovations in the Geoscience Research: Classification of the Landsat TM Image Using ILWIS GIS for Geographic Studies}},
	author = {Polina Lemenkova},
	booktitle = {Prospects for the Higher School Development},
	booktitleaddon = {Proceedings of the \nth{8} International Conference},
	publisher = {GGAU Press}, 
	editor = {Pestis, V. K. and Duduk, A. A. and Sviridov, A. V. and Yurgel, S. I.},
	pages = {60--63},
	venue = {Grodno State Agrarian University (GGAU)},
	location = {Grodno, Belarus},
	eventdate = {2015-05-28/2015-05-29},
	isbn = {978-985-537-068-1},
	doi = {10.6084/m9.figshare.7211627},
	language = {english},
	langid = {english},
	keywords = {inproceedings},
	year = 2015}	

@article{Lemenkova201520,	
	title = {{Modelling Landscape Changes and Detecting Land Cover Types by Means of Remote Sensing Data and ILWIS GIS}},
	author =  {Polina Lemenkova},
	journal={Bulletin of the Ufa State Petroleum Technological University},
	issuetitle = {Information Technologies},
	issuesubtitle = {Problems and Solutions},	
	editor = {Enikeev, F. U.},
	volume = 1, 
	number = 2,
	pages = {265-271},
	location = {Russia, Ufa},
	issn = {2500-2996},
	doi = {10.6084/m9.figshare.7439219},
	url = {https://elibrary.ru/item.asp?id=28416940}, 
	keywords = {article},
	language = {english},
	langid = {english},
	month = 5,
	year = 2015}	

@inproceedings{Lemenkova201519,	
	title = {{The Vulnerability and Environmental Resilience of Ecosystems in Yamal, Russian Arctic}},
	author = {Polina Lemenkova},
	booktitle = {Problems of the Sustainable Development of the Russian Regions},
	booktitleaddon = {Conference Proceedings},
	publisher = {Industrial University of Tyumen Press}, 
	editor = {Rudneva, L. N.},
	pages = {139--141},
	venue = {Tyumen State Oil and Gas University},
	location = {Tyumen, Russia},
	eventdate = {2015-05-14},
	isbn = {978-5-9961-1040-7},
	doi = {10.6084/m9.figshare.7211645},
	url = {https://elibrary.ru/item.asp?id=25577830},
	language = {russian and english},
	langid = {english},
	keywords = {inproceedings},
	year = 2015}

@inproceedings{Lemenkova201516,	
	title = {{Importance of the Remote Sensing Image Analysis for Mapping Forest Land Cover in \v{S}umava National Park}},
	author = {Polina Lemenkova},
	booktitle = {Forestry: Bridge to the Future},
	booksubtitle = {90 years Higher Forestry Education in Bulgaria},	
	booktitleaddon = {Book of Abstracts of the International Conference},
	publisher = {University of Forestry Publishing Center}, 
	editor = {Milev, M. and Zhelev, P. and Petkova, K. and Dimitrov, M.},
	pages = {70-71},
	venue = {Park Hotel Moskva, Sofia, Bulgaria},
	location = {Sofia, Bulgaria},
	eventdate = {2015-05-06/2015-05-09},
	isbn = {978-954-332-134-6},
	doi = {10.6084/m9.figshare.7211777},
	keywords = {inproceedings},
	language = {english},
	langid = {english},
	year = 2015}	
	
@inproceedings{Lemenkova201515,	
	title = {{Assessing and Monitoring Geoecological Status of West Turkish Landscapes for Sustainable Development: Processes, Activities and Problems}},
	author = {Polina Lemenkova},
	booktitle = {Geographic Aspects of the Sustainable Development of Regions},
	booktitleaddon = {Proceedings of the International Conference},
	volume = 2,
	publisher = {GGU Press}, 
	pages = {78-81},
	venue = {Francisk Skorina Gomel State University (GGU)},
	location = {Gomel, Belarus},
	eventdate = {2015-04-23/2015-04-24},
	doi = {10.6084/m9.figshare.7434137},
	language = {english},
	langid = {english},
	year = 2015}	

@inproceedings{Lemenkova201512,	
	title = {{Analysis of Landsat NDVI time series for detecting degradation of vegetation}},	
	author = {Polina Lemenkova},
	booktitle = {Geoecology and Sustainable Use of Mineral Resources},
	booksubtitle = {From Science to Practice},
	booktitleaddon = {Proceedings of the \nth{3} International Conference of Young Scientists},
	editor = {Petin, A. N. and Goleusov, P. V. and Makaseeva, E. I.},
	pages = {11--13},
	venue = {Belgorod State University},
	location = {Belgorod, Russia},
	eventdate = {2015-04-06/2015-04-10},
	isbn = {978-5-98242-210-1},
	doi = {10.6084/m9.figshare.7211795.v1},
	language = {english},
	langid = {english},
	keywords = {inproceedings},
	year = 2015}

@inproceedings{Lemenkova201511,
	author = {Polina Lemenkova},
	title = {{Analysis of Landsat NDVI time series for detecting degradation of vegetation}},
	booktitle = {Conference 'Geoecology and Sustainable Use of Mineral Resources'},
	pagetotal = 20,
	venue = {Belgorod State University},
	address = {Belgorod, Russia},
	keywords = {presentation},
	doi = {10.13140/RG.2.2.14408.67844},
	language = {english},
	langid = {english},
	date = {2015-04-06},
	year = 2015}
	
@inproceedings{Lemenkova201510,	
	title = {{Google Earth web service as a support for GIS mapping in geospatial research at universities}},	
	author = {Polina Lemenkova},
	booktitle = {Web-Technologies in the Educational Space},
	booksubtitle = {Problems, Approaches, Perspectives},
	booktitleaddon = {Proceedings of the International Conference},
	publisher = {OOO Rastr-NN}, 
	editor = {Aryutkina, S. V. and Napalkov, S. V.},
	pages = {460-464},
	venue = {Arzamas branch of the N. I. Lobachevsky State University of Nizhny Novgorod},
	location = {Arzamas, Russia},
	eventdate = {2015-03-26/2015-03-27},
	isbn = {978-5-9906469-1-9},
	doi = {10.6084/m9.figshare.7211798},
	url = {https://elibrary.ru/item.asp?id=23426340},
	language = {russian and english},
	langid = {english},
	month = 3,
	year = 2015}	

@inproceedings{Lemenkova201509,	
	title = {Satellite Image Based Mapping of Wetland Tundra Landscapes Using ILWIS GIS},	
	author = {Polina Lemenkova},
	booktitle = {Actual Problems of the State and Management of Water Resources},
	booktitleaddon = {Proceedings of the International Conference},
	publisher = {VolgaTech Press}, 
	editor = {Kusakin, A. V. and Efimova, T. N.},
	pages = {110-113},
	venue = {Volga State University of Technology},
	location = {Yoshkar-Ola, Mari El, Russia},
	eventdate = {2015-03-19},
	isbn = {978-5-9903856-9-6},
	url = {https://elibrary.ru/item.asp?id=24613025},
	doi = {10.6084/m9.figshare.7435520},	
	language = {russian},
	langid = {english},
	year = 2015}

@inproceedings{Lemenkova201508,
	author = {Polina Lemenkova},
	title = {{Satellite Image Based Mapping of Wetland Tundra Landscapes Using ILWIS GIS}},
	booktitle = {Actual Problems of the State and Management of Water Resources},
	pagetotal = 25,
	venue = {Volga State University of Technology},
	address = {Yoshkar-Ola, Mari El, Russia},
	keywords = {presentation},
	doi = {10.13140/RG.2.2.30084.88960},
	langid = {english},
	date = {2015-03-19},
	year = 2015}

@inproceedings{Lemenkova201507,	
	title = {{Mapping agricultural lands by means of GIS for monitoring use of natural resources}},	
	author = {Polina Lemenkova},
	booktitle = {Actual Problems of the Conservation and Development of Biological Resources},
	booktitleaddon = {Proceedings of the International Conference},
	publisher = {UrGAU Press}, 
	editor = {Donnik, I. M. and Voronin, B. A. and Zorina, I. P. and Roshchina, N. V.},
	pages = {226-229},
	venue = {Ural State Agrarian University UrGAU},
	location = {Yekaterinburg, Russia},
	eventdate = {2015-02-27/2015-02-28},
	isbn = {978-5-87203-374-5},
	doi = {10.6084/m9.figshare.7211804},
	language = {russian},
	langid = {english},
	year = 2015}	

@inproceedings{Lemenkova201505,	
	title = {{Processing Remote Sensing Data Using Erdas Imagine for Mapping Aegean Sea Region, Turkey}},	
	author = {Polina Lemenkova},
	booktitle = {Informatics},
	booksubtitle = {Problems, Methodology, Technologies},
	booktitleaddon = {Proceedings of 15th International Conference},
	volume = 3,
	publisher = {VGU Press}, 
	pages = {11-15},
	venue = {Voronezh State University},
	location = {Voronezh, Russia},
	eventdate = {2015-02-12/2015-02-13},
	isbn = {5-9273-0681-0},
	url = {https://elibrary.ru/item.asp?id=26663916},
	doi = {10.6084/m9.figshare.7434191},	
	language = {english},
	langid = {english},
	year = 2015}	
	
@inproceedings{Lemenkova201503,	
	title = {{Spatial Analysis for Environmental Mapping of \v{S}umava National Park}},
	author = {Polina Lemenkova},
	booktitle = {6th Annual PGS Conference},
	booktitleaddon = {Conference Abstracts},
	publisher = {CU Press}, 
	pages = {53},
	venue = {Ben\'{a}tsk\'{a} 2, Praha 2, Czechia},
	location = {Institute for Environmental studies, Charles University in Prague (CU)},
	eventdate = {2015-01-27},
	doi = {10.6084/m9.figshare.7211843},
	url = {https://www.natur.cuni.cz/fakulta/zivotni-prostredi/aktuality/prilohy-a-obrazky/konference/pgs-koference-2015-program},
	language = {english},
	langid = {english},
	year = 2015}	

@inproceedings{Lemenkova2014n,	
	title = {{Risks of Cryogenic Landslide Hazards and Their Impact on Ecosystems in Cold Environments}},
	author = {Polina Lemenkova},
	booktitle = {The Effects of Irrigation and Drainage on Rural and Urban Landscapes},
	booktitleaddon = {Book of Abstracts, 1st International Symposium},
	publisher = {IRLA}, 
	eventtitleaddon = {IRLA2014},
	pages = {27},
	venue = {Technological Educational Institution (TEIEP) of Epirus},
	location = {Patras, Greece},
	eventdate = {2014-11-26/2014-11-28},
	url = {https://www.irrigation-Management.eu/},
	doi = {10.6084/m9.figshare.7211846},
	language = {english},
	langid = {english},
	year = 2014}

@inproceedings{Lemenkova2014l,	
	title = {{Detection of Vegetation Coverage in Urban Agglomeration of Brussels by NDVI Indicator Using eCognition Software and Remote Sensing Measurements}},
	author = {Polina Lemenkova},
	booktitle = {GIS and Remote Sensing},
	booksubtitle = {GIS Day},
	booktitleaddon = {Proceedings of the 3rd International Conference},
	publisher = {Print Way}, 
	editor = {Manandyan, H.},
	pages = {112-119},
	venue = {Environmental Res. \& GIS Centre},
	location = {Tsaghkadzor, Armenia},
	eventdate = {2014-11-17/2014-11-19},
	doi = {10.6084/m9.figshare.7434215},
	language = {english},
	langid = {english},
	year = 2014}

@inproceedings{Lemenkova2014i,	
	title = {{Cost-Effective Raster Image Processing for Geoecological Analysis using ISOCLUST Classifier: a Case Study of Estonian Landscapes}},
	author = {Polina Lemenkova},
	booktitle = {Modern Problems of Geoecology and Landscapes Studies},
	booktitleaddon = {Proceedings of the 5th International Conference},
	publisher = {BSU Press}, 
	editor = {Vitchenko, A. N. and Martsinkevich, G. I. and Vlasov, B. P. and Gagina, N. V. and Yatsukhno, V. M.},
	pages = {74--76},
	venue = {Belarus State University (BSU)},
	location = {Minsk, Belarus},
	eventdate = {2014-10-14/2014-10-17},
	isbn = {978-985-476-629-4},
	doi = {10.6084/m9.figshare.7211870},
	url = {https://www.elib.bsu.by/bitstream/123456789/103641/1/geoconf80.pdf},
	language = {english},
	langid = {english},
	year = 2014}

@inproceedings{Lemenkova2014g,	
	title = {{Rural Sustainability and Management of Natural Resources in Tian Shan Region, Central Asia}},
	author = {Polina Lemenkova},
	booktitle = {International Conference 'Celebrating Pastoral Life'},
	eventtitleaddon = {CANEPAL},
	booksubtitle = {Heritage and Economic Develop.},
	booktitleaddon = {Proceedings International Conference},
	publisher = {PRISMA Centre for Development Studies}, 
	editor = {Fouli Papageorgiou},
	pages = {81-89},
	venue = {17 Empedocleous Str., Athens},
	location = {Athens, Greece},
	eventdate = {2014-09-11/2014-09-13},
	isbn = {978-960-6676-22-2},
	doi = {10.6084/m9.figshare.7211927.v2},
	language = {english},
	langid = {english},
	year = 2014}	

@inproceedings{Lemenkova2014e,	
	title = {{Opportunities for Classes of Geography in the High School: the Use of ’CORINE’ Project Data, Satellite Images and IDRISI GIS for Geovisualization}},	
	author = {Polina Lemenkova},
	booktitle = {Perspectives for the Development of Higher Education},
	booktitleaddon = {Proceedings of 7th International Conference},
	publisher = {GGAU Press}, 
	editor = {Pestis, V.K. and Duduk, A. A. and Sviridov, A. V. and Yurgel, S. I.},
	pages = {284-286},
	venue = {Grodno State Agrarian University GGAU},
	location = {Grodno, Belarus},
	eventdate = {2014-04-24/2014-04-25},
	isbn = {978-985-537-042-1},
	doi = {10.6084/m9.figshare.7211933},
	url = {https://www.ggau.by/downloads/prints/Sbornik_72014_konferencii_perspektivy_razvitija_vysshej_shkoly.pdf},
	language = {english},
	langid = {english},
	year = 2014}	

@inproceedings{Lemenkova2014d,
	author = {Michal Klau\v{c}o and Bohuslava Gregorov\'{a} and Ugljesa Stankov and Vladimir Markovi\'{c} and Polina Lemenkova},
	booktitle = {Ecology and Environmental Protection},
	booktitleaddon = {Proceedings of International Conference},
	title = {{Landscape metrics as indicator for ecological significance: assessment of Sitno Natura 2000 sites, Slovakia}},
	venue = {Belarusian State University},
	location = {Minsk, Belarus},
	eventdate = {2014-03-19/2014-03-20},
	publisher = {BSU Press},
	pages = {85--90},
	options = {maxnames=99},
	url = {http://elib.bsu.by/handle/123456789/103362},
	doi = {10.6084/m9.figshare.7434200},
	language = {english},
	langid = {english},
	year = 2014}
	
@inproceedings{Lemenkova2013b,
	author = {Polina Lemenkova},
	title = {{Monitoring changes in agricultural landscapes of Central Europe, Hungary: application of ILWIS GIS for image processing}},
	booktitle = {Geoinformatics: Theoretical and Applied Aspects},
	booktitleaddon = {Proceedings of 12th International Conference},
	doi = {10.3997/2214-4609.20142479},
	venue = {Great Conference Hall National Academy of Science of Ukraine},
	location = {Kiev, Ukraine},
	eventdate = {2013-05-13/2013-05-16},
	language = {english},
	langid = {english},
	year = 2013}

@article{RID:0925180235504-2,
	author = {Michal Klau\v{c}o and Bohuslava Gregorov\'{a} and Ugljesa Stankov and Vladimir Markovi\'{c} and Polina Lemenkova},
	title = {{Determination of ecological significance based on geostatistical assessment: a case study from the Slovak Natura 2000 protected area}},
	Journal = {Central European Journal of Geosciences},
	number = 1,
	volume = 5,
	pages = {28-42},
	issn = {1896-1517},
	publisher = {De Gruyter},
	options = {maxnames=99},
	doi = {10.2478/s13533-012-0120-0},
	url = {https://www.degruyter.com/view/j/geo.2013.5.issue-1/s13533-012-0120-0/s13533-012-0120-0.xml?format=INT},
	language = {english},
	langid = {english},
	year = 2013}
	
@article{Lemenkova2013j,
	title = {{Geospatial Technology for Land Cover Analysis}},
	author = {Polina Lemenkova},
	Journal = {Middle East and Africa (MEA) Geospatial Digest},
	addendum = {e-magazine (periodical)},
	doi = {10.6084/m9.figshare.7439228},
	url = {https://www.geospatialworld.net/article/geospatial-technology-for-land-cover-analysis/},
	language = {english},
	langid = {english},
	month = 11,
	year = 2013}

@inproceedings{Lemenkova2012l,
	title = {{Impacts of Climate Change on Landscapes in Central Europe, Hungary}},
	booktitle = {{Current Problems of Ecology}},
	booksubtitle = {Ecological Monitoring and Management of Natural Protection},
	booktitleaddon = {Proceedings of 8th International Conference},
 	volume = 2,
	author={Polina Lemenkova},
	publisher = {YKSUG Press}, 
	pages = {134--136},
	venue = {Yanka Kupala State University of Grodno YKSUG},
	location = {Grodno, Belarus},
	eventdate = {2012-10-24/2012-10-26},
	doi = {10.6084/m9.figshare.7211993},	
	url = {https://elib.grsu.by/katalog/173327-393652.pdf},
	language = {english},
	langid = {english},
	year = 2012}
	
@inproceedings{Lemenkova2012k,	
	title = {{Water Supply and Usage in Central Asia, Tian Shan Basin}},
	author = {Polina Lemenkova},
	booktitle = {Civil Eng., Architecture \& Environmental Protection},
	booksubtitle = {PhiDAC-2012},
	booktitleaddon = {Proceedings of the 4th International Symposium for Doctoral studies in the Fields of Civil Engineering, Architecture \& Environmental Protection},
	publisher = {University of Ni\v{s} Publishing Center}, 
	editor = {Grdic, Z. and Toplicic-Curcic, G.},
	pages = {331-338},
	venue = {University of Ni\v{s}, Faculty of Civil Eng. \& Architecture},
	location = {Ni\v{s}, Serbia},
	eventdate = {2012-09-27/2012-09-28},
	isbn = {978-86-88601-05-4},
	doi = {10.6084/m9.figshare.7211999},	
	language = {english},
	langid = {english},
	month = 9,
	year = 2012}
	
@inproceedings{Lemenkova2012g,
	author = {Polina Lemenkova and Istv\'{a}n Elek},
	booktitle = {Geosciences and Environment},
	booktitleaddon = {Proceedings 3rd International Conference},
	booksubtitle = {Near-Surface Geophysics},
	title = {{Clustering Algorithm in ILWIS GIS for Classification of Landsat TM Scenes: a Case Study of Mecsek Hills Region, Hungary}},
	venue = {Association of Geophysicists \& Environmentalists of Serbia (AGES)}, 
	editor = {Komatina-Petrovic, S.},
	location = {Belgrade, Serbia},
	eventdate = {2012-05-27/2012-05-29},
	doi = {10.6084/m9.figshare.7434218.v1},
	language = {english},
	langid = {english},
	year = 2012}

@inproceedings{Lemenkova2012d,
	author = {Polina Lemenkova and Bruce Forbes and Timo Kumpula},
	booktitle = {Geoinformatics: Theoretical and Applied Aspects},
	booktitleaddon = {Proceedings of the 11th International Conference},
	title = {{Mapping Land Cover Changes Using Landsat TM: A Case Study of Yamal Ecosystems, Arctic Russia}},
	venue = {Great Conference Hall National Academy of Science of Ukraine},
	location = {Kiev, Ukraine},
	eventdate = {2012-05-14/2012-05-17},
	url = {https://elibrary.ru/item.asp?id=24527736},
	doi = {10.6084/m9.figshare.7434242.v1},	
	language = {english},
	langid = {english},
	year = 2012}

@thesis{Lemenkova2011c,
	author = {Polina Lemenkova},
	title = {{Seagrass Mapping and Monitoring Along the Coasts of Crete, Greece}},
	school = {University of Twente, Faculty of Earth Observation and Geoinformation (ITC)},
	address = {Enschede, Netherands},
	pagetotal = 158,
	type = {M.Sc. Thesis},
	doi = {10.13140/RG.2.2.16945.22881},
	url = {https://thesiscommons.org/p4h9v},
	language = {english},
	language = {english},
	langid = {english},
	date = {2011-03-08},
	year = 2011}

@article{Lemenkova2008b,
	 author = {Hans Werner Schenke and Polina Lemenkova},
	 title = {{Zur Frage der Meeresboden-Kartographie: Die Nutzung von AutoTrace Digitizer f\"{u}r die Vektorisierung der Bathymetrischen Daten in der Petschora-See}},
	 journal = {Hydrographische Nachrichten},
	 volume = 25, 
	 number = 81,
	 pages = {16--21},
	 language = {german},
	 langid = {english},
	 issn = {0934-7747},
	 doi = {10.6084/m9.figshare.7435538.v2},	 
	 month = 6,
	 year = 2008}
	
@thesis{Lemenkova2007b,
	title = {{Using ArcGIS in Teaching Geosciences}},
	author = {Polina Lemenkova},
	school = {Lomonosov Moscow State University, Faculty of Educational Studies},
	editor = {Inna Suetova},
	address = {Moscow, Russia},
	pagetotal = 58,
	doi = {10.13140/RG.2.2.12357.70885},
	url = {https://thesiscommons.org/nmjgz},
	type = {B.Sc. Thesis},
	language = {russian},
	langid = {english},
	date = {2007-06-05},
	year = 2007}	

@thesis{Lemenkova2004a,
	author = {Polina Lemenkova},
	title = {{Geoecological Mapping of the Barents and Pechora Seas}},
	school = {Lomonosov Moscow State University, Faculty of Geography, Deparmnet of Cartography and Geoinformatics},
	address = {Moscow, Russia},
	editor = {Inna Suetova and Ludmila Ushakova},
	pagetotal = 78,
	type = {B.Sc. Thesis},
	keywords = {thesis},
	doi = {10.13140/RG.2.2.25360.05122},
	url = {https://thesiscommons.org/bvwcr},
	language = {russian},
	langid = {english},
	date = {2004-05-18},
	year = 2004}

@misc{Lemenkova2002b,
	title = {{Ecological and Geographical Mapping of the Baltic Sea Region in the Gulf of Finland}},
	author = {Polina Lemenkova},
	doi = {10.6084/m9.figshare.7294661},
	doi+an = {=openaccess},
	pagetotal = 27,
	url = {https://zenodo.org/record/2574447},
	addendum = {Term Paper},
	organization = {Lomonosov Moscow State University},
	location = {Moscow, Russia},
	keywords = {student},
	language = {russian},
	langid = {english},
	date = {2002-03-30},
	year = 2002}
