@article{RID:0925180235504-2,
	author = {Michal Klau\v{c}o and Bohuslava Gregorov\'{a} and Ugljesa Stankov and Vladimir Markovi\'{c} and Polina Lemenkova},
	title = {{Determination of ecological significance based on geostatistical assessment: a case study from the Slovak Natura 2000 protected area}},
	Journal = {Central European Journal of Geosciences},
	number = 1,
	volume = 5,
	pages = {28-42},
	issn = {1896-1517},
	publisher = {De Gruyter (Poland, Warsaw). Renamed since 2014: Open Geosciences},
	options = {maxnames=99},
	url = {https://www.degruyter.com/view/j/geo.2013.5.issue-1/s13533-012-0120-0/s13533-012-0120-0.xml?format=INT},
	language = {english},
	langid = {english},
	doi = {10.2478/s13533-012-0120-0},
	year = 2013}
	
@inproceedings{Lemenkova2013b,
	author = {Polina Lemenkova},
	title = {{Monitoring changes in agricultural landscapes of Central Europe, Hungary: application of ILWIS GIS for image processing}},
	booktitle = {Geoinformatics: Theoretical and Applied Aspects},
	booktitleaddon = {Proceedings of the \nth{12} International Conference},
	doi = {10.3997/2214-4609.20142479},
	venue = {Great Conference Hall of the National Academy of Sciences of Ukraine},
	location = {Kiev, Ukraine},
	eventdate = {2013-05-13/2013-05-16},
	language = {english},
	langid = {english},
	year = 2013}

@inproceedings{Lemenkova2013g,
	author = {Polina Lemenkova},
	title = {{Effects of Socio-Economic Changes in the Post-Soviet Estonia on the Landscapes Diversification and Tourism Development}},
	booktitle = {Contemporary Trends in Tourism and Hospitality},	
	booktitleaddon = {Abstract Book},
	editor = {Mimica-Duki\'{c}, N.},
	organization = {University of Novi Sad, Department of Geography, Tourism and Hotel Management},
	venue = {Chamber of Economy of Vojvodina},
	location = {Novi Sad, Serbia},
	eventdate = {2013-09-26/2013-09-27},
	url = {http://www.dgt.uns.ac.rs/ctth2013/},
	pages = {73},
	doi = {10.6084/m9.figshare.7211951},
	language = {english},
	langid = {english}}

@inproceedings{Lemenkova2012l,
	title = {{Impacts of Climate Change on Landscapes in Central Europe, Hungary}},
	booktitle = {{Current Problems of Ecology}},
	booksubtitle = {Ecological Monitoring and Management of Nature Protection},
	booktitleaddon = {Proceedings of the \nth{8} International Conference},
 	volume = {2},
	author={Polina Lemenkova},
	publisher = {YKSUG Press}, 
	pages = {134--136},
	venue = {Yanka Kupala State University of Grodno YKSUG},
	location = {Grodno, Belarus},
	eventdate = {2012-10-24/2012-10-26},
	doi = {10.6084/m9.figshare.7211993},
	url = {https://elib.grsu.by/katalog/173327-393652.pdf},
	language = {english},
	langid = {english},
	year = 2012}

@inproceedings{Lemenkova2012j,
	author = {Polina Lemenkova and Catrin Promper and Thomas Glade},
	title = {{Economic Assessment of Landslide Risk for the Waidhofen a.d. Ybbs Region, Alpine Foreland, Lower Austria}},
	booktitle = {Protecting Society through Improved Understanding},
	booktitleaddon = {\nth{11} International Symposium on Landslides \& the \nth{2} North American Symposium on Landslides \& Engineered Slopes},
	eventtitleaddon = {NASL},
	editor = {Eberhardt, E. and Froese, C. and Turner, A. K. and Leroueil, S.},
	venue = {Banff Springs Hotel},
	location = {Banff, AB, Canada},
	eventdate = {2012-06-02/2012-06-08},
	options = {maxnames=99},
	pages = {279--285},
	doi = {10.6084/m9.figshare.7434230},
	language = {english},
	langid = {english},
	month = 6,
	year = 2012}
	
@inproceedings{Lemenkova2012i,
	author = {Polina Lemenkova and Catrin Promper and Thomas Glade},
	title = {{Economic Assessment of Landslide Risk for the Waidhofen a.d. Ybbs Region, Alpine Foreland, Lower Austria}},
	booktitle = {\nth{11} International Symposium on Landslides \& the \nth{2} North American Symposium on Landslides \& Engineered Slopes. Protecting Society through Improved Understanding},
	eventtitleaddon = {NASL},
	address = {Banff, AB, Canada},
	venue = {Banff Springs Hotel},
	keywords = {poster},
	doi = {10.13140/RG.2.2.10077.05600},
	relatedtype = {prelim},
	language = {english},
	langid = {english},
	eventdate = {2012-06-02},
	year = 2012}

@inproceedings{Lemenkova2012g,
	author = {Polina Lemenkova and Istv\'{a}n Elek},
	booktitle = {Geosciences and Environment},
	booktitleaddon = {Proceedings of the \nth{3} International Conference},
	booksubtitle = {Near-Surface Geophysics},
	title = {{Clustering Algorithm in ILWIS GIS for Classification of Landsat TM Scenes: a Case Study of Mecsek Hills Region, Hungary}},
	venue = {Association of Geophysicists \& Environmentalists of Serbia (AGES)}, 
	editor = {Komatina-Petrovic, S.},
	location = {Belgrade, Serbia},
	eventdate = {2012-05-27/2012-05-29},
	doi = {10.6084/m9.figshare.7434218.v1},
	language = {english},
	langid = {english},
	keywords = {inproceedings}}

@inproceedings{Lemenkova2012f,
	author = {Polina Lemenkova and Bruce Forbes and Timo Kumpula},
	title = {{ILWIS GIS for Monitoring Landscapes in Tundra Ecosystems: Yamal Peninsula, Russia}},
	booktitle = {\nth{3} International Geosciences Students Conference 'Remote Sensing \& Global Surveillance'},
	pagetotal = 30,
	address = {Belgrade, Serbia},
	venue = {Association of Geophysicists \& Environmentalists of Serbia (AGES)},
	keywords = {presentation},
	doi = {10.13140/RG.2.2.18851.50729},
	language = {english},
	langid = {english},
	date = {2012-05-30},
	year = 2012}

@inproceedings{Lemenkova2012d,
	author = {Polina Lemenkova and Bruce Forbes and Timo Kumpula},
	booktitle = {Geoinformatics: Theoretical and Applied Aspects},
	booktitleaddon = {Proceedings of the \nth{11} International Conference},
	title = {{Mapping Land Cover Changes Using Landsat TM: A Case Study of Yamal Ecosystems, Arctic Russia}},
	venue = {Great Conference Hall National Academy of Science of Ukraine},
	location = {Kiev, Ukraine},
	eventdate = {2012-05-14/2012-05-17},
	url = {https://elibrary.ru/item.asp?id=24527736},
	doi = {10.6084/m9.figshare.7434242.v1},	
	language = {english},
	langid = {english},
	year = 2012}
	
@thesis{Lemenkova2011c,
	author = {Polina Lemenkova},
	title = {{Seagrass Mapping and Monitoring Along the Coasts of Crete, Greece}},
	school = {University of Twente, Faculty of Earth Observation and Geoinformation (ITC)},
	address = {Enschede, Netherands},
	pagetotal = 158,
	type = {M.Sc. Thesis},
	doi = {10.13140/RG.2.2.16945.22881},
	url = {https://thesiscommons.org/p4h9v},
	language = {english},
	language = {english},
	langid = {english},
	date = {2011-03-08}}
	
@thesis{Lemenkova2007b,
	title = {{Using ArcGIS in Teaching Geosciences}},
	author = {Polina Lemenkova},
	school = {Lomonosov Moscow State University, Faculty of Educational Studies},
	editor = {Inna Suetova},
	address = {Moscow, Russia},
	pagetotal = 58,
	doi = {10.13140/RG.2.2.12357.70885},
	url = {https://thesiscommons.org/nmjgz},
	type = {B.Sc. Thesis},
	language = {russian},
	langid = {english},
	date = {2007-06-05}}	
	
@inproceedings{Lemenkova2005b1,
	author = {Inna Suetova and Ludmila Ushakova and Polina Lemenkova},
	title = {{Geoecological Mapping of the Barents Sea Using GIS}},
	booktitle = {Digital Cartography \& GIS for Sustainable Development of Territories},
	booktitleaddon = {Proceedings of the International Cartographic Conference},
	howpublished = {Session 4 'Land Management (3)'},
	eventtitleaddon = {ICC},
	eventdate = {2005-07-09/2005-07-16},
	location = {La Coru{\~n}a, Espa{\~n}a},
	keywords = {inproceedings},
	doi = {10.6084/m9.figshare.7435529},
	url = {https://icaci.org/icc2005/},
	language = {english},
	langid = {english},
	year = 2005}
		
@article{Lemenkova2005a,
	author = {Inna Suetova and Ludmila Ushakova and Polina Lemenkova},
	title = {{Geoinformation mapping of the Barents and Pechora Seas}},
	journal = {Geography and Natural Resources}, 
	volume = 4,
	publisher = {Siberian Branch RAS},
	editor = {Snytko, V. A.},
	address = {Novosibirsk},
	pages = {138--142},
	issn = {1875-3728},
	doi = {10.6084/m9.figshare.7435535},
	url = {http://www.izdatgeo.ru/journal.php?action=output&id=3&lang_num=2&id_dop=68},	language = {english},
	langid = {english},
	keywords = {article},
	month = 12,
	year = 2005}	

@thesis{Lemenkova2004a,
	author = {Polina Lemenkova},
	title = {{Geoecological Mapping of the Barents and Pechora Seas}},
	school = {Lomonosov Moscow State University, Faculty of Geography, Department of Cartography and Geoinformatics},
	address = {Moscow, Russia},
	editor = {Inna Suetova and Ludmila Ushakova},
	pagetotal = 78,
	type = {B.Sc. Thesis},
	keywords = {thesis},
	doi = {10.13140/RG.2.2.25360.05122},
	url = {https://thesiscommons.org/bvwcr},
	language = {russian},
	langid = {english},
	date = {2004-05-18},
	year = 2004}