@article{Abbott1994,
	author = {Abbott, L. D. and Silver, E. A. and Galewsky, J. },
	title = {{Structural evolution of a modern arc-continent collision in Papua New Guinea}},
	journal = {Tectonics},
	volume = 13,
	pages = {1007--1034},	
	year = 1994}

@book{AmanteEakins2009,
	author = {Amante, C. and Eakins, B. W.},
	title = {{ETOPO1 1 Arc-Minute Global Relief Model: Procedures, Data Sources and Analysis}},
	publisher = {NOAA Technical Memorandum},
	pages = {19},
	doi = {10.7289/V5C8276M},
	year = 2009}

@article{Ando,
	author = {Ando, M. and Kitamura, A. and Tu, Y. and Ohashi, Y. and Imai, T. and Nakamura, M. and Ikuta, R. and Miyairi, Y. and Yokoyama, Y. and Shishikura, M.},
	title = {{Source of high tsunamis along the southernmost Ryukyu trench inferred from tsunami stratigraphy}},
	journal = {Tectonophysics},
	volume = 722,
	pages = {265--276},	
	doi = {10.1016/j.tecto.2017.11.007},
	year = 2018}

@article{Araietal2014,
	author = {Kohsaku Arai and Takahiko Inoue and Ken Ikehara and Tomoyuki Sasaki},
	title = {{Episodic subsidence and active deformation of the forearc slope along the Japan Trench near the epicenter of the 2011 Tohoku Earthquake}},
	journal = {Earth and Planetary Science Letters},
	volume = 408,
	pages = {9--15},	
	issn = {0012-821X},
	doi = {10.1016/j.epsl.2014.09.048},
	year = 2014}
	
@article{Aubouinetal1982,
	author = {Aubouin, J. and Az\'{e}ma,  J. and Carfantan, J. Ch. and Demant, A. and Rangin, C. and Tardy, M. and J. Tournon},
	title = {{The Middle America Trench in the Geological Framework of Central America}},
	journal = {Deep Sea Drilling Project Reports and Publications}, 
	volume = 67,
	doi = {10.2973/dsdp.proc.67.141.1982},
	pages = {747--755},	
	year = 1982}

@article{BarnesStraub,
	author = {Barnes, J. D. and Straub, S. M.},
	title = {{Chorine stable isotope variations in Izu Bonin tephra: Implications for serpentinite subduction}},
	journal = {Chemical Geology},
	volume = 272,
	pages = {62--74},	
	doi = {10.1016/j.chemgeo.2010.02.005},
	year = 2010}

@article{Beckeretal2009,
	author = {Becker, J. J. and Sandwell, D. T. and Smith, W. H. F. and Braud, J. and Binder, B. and Depner, J. and Fabre, D. and Factor, J. and Ingalls, S. and Kim, S. H. and Ladner, R. and Marks, K. and Nelson, S. and Pharaoh, A. and Trimmer, R. and Von Rosenberg, J. and Wallace, G. and Weatherall, P.},
	title = {{Global bathymetry and elevation data at 30 arc seconds resolution: SRTM30\_PLUS}},
	journal = {Marine Geodesy},
	volume = 32 ,
	issue = 4,
	pages = {355--371},	
	doi = {10.1080/01490410903297766},
	issn = {0149-0419},
	month = 11,
	year = 2009}

@article{Behrmann,
	author = {Behrmann, J. S. andLeslie  S. D. and Cande, S. C. and {ODP Leg 141 Scientific Party}},
	title = {{Tectonics and geology of spreading ridge subduction at the Chile Triple Junction: A synthesis of results from Leg 141 of the Ocean Drilling Program}},
	journal = {Geologische Rundscha},
	volume = 83,
	pages = {832--852},	
	year = 1994}

@article{BelloGonzalezetal2018,
	author = {Juan Pablo Bello-Gonz\'{a}lez and Eduardo Contreras-Reyes and C\'{e}sar Arriagada},
	title = {{Predicted path for hotspot tracks off South America since Paleocene times: Tectonic implications of ridge-trench collision along the Andean margin}},
	journal = {Gondwana Research},
	volume = 64,
	pages = {216--234},	
	doi = {10.1016/j.gr.2018.07.008},
	issn = {1342-937X},	
	year = 2018}

@book{Belyaev,
	author = {Belyaev, G. M.},
	title = {{Deep-Sea Ocean Trenches and Their Fauna}},
	publisher = {Nauka Publishing House},
	year = 1989}

@article{Bevis,
	author = {Bevis, M. and Taylor, F. W. and Schutz, B. E. and Recy, J. and Isacks, B. L. and Helu, S. and Singh, R. and Kendrick, E. and Stowell, J. and Taylor, B. and Calmant, S.},
	title = {{Geodetic observations of very rapid convergence and back-arc extension at the Tonga arc}},
	journal = {Nature},
	volume = 347,
	pages = {249--251},	
	year = 1995}

@article{Bird2003,
	author = {Bird, P.},
	title = {{An updated digital model of plate boundaries}},
	journal = {Geochemistry Geophysics Geosystems},
	volume = 4,
	issue = 3,	
	doi = {10.1029/2001GC000252},
	issn = {1525-2027},
	publisher = {American Geophysical Union},
	year = 2003}

@article{Blankenship,
	author = {Blankenship, L. E. and Yayanos, A. A. and Cadien, D. B. and Levin, L. A.},
	title = {{Vertical zonation patterns of scavenging amphipods from the Hadal zone of the Tonga and Kermadec Trenches}},
	journal = {Deep-Sea Research I},
	volume = 53,
	pages = {48--61},	
	doi = {10.1016/j.dsr.2005.09.006},
	year = 2006}

@book{Bogdanov1997,
	author = {Bogdanov, Ju. L.},
	title = {{Gidrotermal'nye rudoprojavlenija riftov Sredinno-Atlanticheskogo hrebta (Hydrothermal deposits of rift in the Mid-Atlantic ridge)}},
	address = {Moscow},
	editor = {Bogdanov},
	publisher = {Nauchnyi mir},
	pagetotal = {167},
	language = {russian},
	year = 1997}

@article{Bostonetal2017,
	author = {Brian Boston and Gregory F. Moore and Yasuyuki Nakamura and Shuichi Kodaira},
	title = {{Forearc slope deformation above the Japan Trench megathrust: Implications for subduction erosion}},
	journal = {Earth and Planetary Science Letters},
	volume = 462,
	pages = {26--34},	
	doi = {10.1016/j.epsl.2017.01.005},
	issn = {0012-821X},
	year = 2017}

@article{Boutelieretal2014,
	author = {Boutelier, D. and Oncken, O. and Cruden, A. R.},
	title = {{Trench-parallel shortening in the forearc caused by subduction along a seaward-concave plate boundary: Insights from analogue modelling experiments}},
	journal = {Tectonophysics},
	volume = 611,
	pages = {192--203},	
	doi = {10.1016/j.tecto.2013.11.028},
	issn = {0040-1951},
	year = 2014}

@article{Brandtetal2018,
	author = {Brandt, A. and Alalykina, I. and Fukumori, H. and Golovand, O. and Kniesz, K. and Lavrenteva, A. and L\"{o}rz, A.-N. and Malyutina, M. and Philipps-Bussau, K. and Stransky, B.},
	title = {{First insights into macrofaunal composition from the SokhoBio expedition T (Sea of Okhotsk, Bussol Strait and northern slope of the Kuril-Kamchatka Trench)}},
	journal = {Deep-Sea Research Part II},
	volume = 154,
	pages = {106--120},	
	doi = {10.1016/j.dsr2.2018.05.022},
	year = 2018}

@article{Chase1978,
	author = {Chase, C. G.},
	title = {{Extension behind island arcs and motions relative to hot spots}},
	journal = {Journal of Geophysical Research},
	volume = 83,
	pages = {5385--5388},	
	issn = {0148-0227},
	year = 1978}

@article{Contreras2007,
	author = {Contreras-Reyes, E. and Grevemeyer, I. and Flueh, E. R. and Scherwath, M. and Heesemann, M.},
	title = {{Alteration of the subducting oceanic lithosphere at the southern central Chile trench-outer rise}},
	journal = {Geochemistry Geophysics Geosystems},
	volume = 8,
	issue = {Q07003},
	pages = {1--10},	
	doi = {10.1029/2007GC001632},
	year = 2007}

@article{Contreras2008,
	author = {Contreras-Reyes, E. and Grevemeyer, I. and Flueh, E. R. and Reichert, C.},
	title = {{Upper lithospheric structure of the subduction zone offshore southern Arauco Peninsula, Chile at 38\degree S}},
	journal = {Journal of Geophysical Research},
	volume = 113,
	issue = {B07303},
	pages = {1-10},	
	doi = {10.1029/2007JB005569},
	year = 2008}

@article{ContrerasOsses2010,
	author = {Contreras-Reyes, E. and Osses, A.},
	title = {{Lithospheric flexure modeling seaward of the Chile trench: implications for oceanic plate weakening in the Trench Outer Rise region}},
	journal = {Geophysical Journal International},
	volume = 182,
	issue = 1,
	pages = {97--112},	
	doi = {10.1111/j.1365-246X.2010.04629.x},
	year = 2010}

@article{ContrerasReyesetal2013,
	author = {Eduardo Contreras-Reyes and Jorge Jara and Andrei Maksymowicz and Wilhelm Weinrebe},
	title = {{Sediment loading at the southern Chilean Trench and its tectonic implications}},
	journal = {Journal of Geodynamics},
	volume = 66,
	pages = {134--145},	
	doi = {10.1016/j.jog.2013.02.009},
	issn = {0264-3707},
	year = 2013}

@inbook{Dic1974,	
	title = {{Novaja global'naja tektonika (New global tectonics)}},
	author = {Dic, R.},
	chapter = {{Jevoljucija kontinentov i okeanicheskih basseinov kak rezul'tat spredinga okeanicheskogo dna (the Evolution of continents and ocean basins as a result of the spreading ocean floor)}},
	pages = {26--32},
	address = {Moscow},
	publisher = {Mir},
	language = {russian},
	year = 1974}

@article{Doo,
	author = {Doo, W.-B. and Lo, Ch.-L. and Wu, W.-N. and Lin, J.-Y. and Hsu, Sh.-K. and Huang, Y.-Sh. and Wang, H.-F.},
	title = {{Strength of plate coupling in the southern Ryukyu subduction zone}},
	journal = {Tectonophysics},
	volume = 723,
	pages = {223--228},	
	doi = {10.1016/j.tecto.2017.12.028},
	year = 2018}

@inbook{Duncan,
	title = {Geology and Offshore Resources of Pacific Island Arcs; Tonga Region},
	author = {Duncan, R. A. and Vallier, T. L. and Falvey, D. A.},
	chapter = {{Volcanic episodes at Eua, Tonga Islands}},
	editor = {Scholl, D. W. and Vallier, T. L.},
	publisher = {Circum-Pac. Counc. Energy and Miner. Resour.},
	address = {Houston, TX, United States},
	pages = {281--290},	
	year = 1985}

@article{Ekstrom,
	author = {Ekstrom, G. and Engdahl, E. R.},
	title = {{Earthquake source parameters and stress distribution in the Adak Island region of the central Aleutian Islands, Alaska}},
	journal = {Journal of Geophysical Research},
	volume = 84,
	pages = {15499--15519},	
	year = 1989}

@article{Faccennaetal2018,
	author = {Claudio Faccenna and Adam F. Holt and Thorsten W. Becker and Serge Lallemand and Leigh H. Royden},
	title = {{Dynamics of the Ryukyu Izu-Bonin-Marianas double subduction system}},
	journal = {Tectonophysics},
	pages = {229--238},	
	doi = {10.1016/j.tecto.2017.08.011},
	issn = {0040-1951},
	year = 2018}

@article{Fujiwaraetal2000,
	author = {Fujiwara, T. and Tamura, C. and Nishizawa, A. and Fujioka, K. and Kobayashi, K. and Iwabuchi, Y.},
	title = {{Morphology and tectonics of the Yap Trenches}},
	journal = {Marine Geophysical Research},
	volume = 21,
	pages = {69--86},	
	year = 2000}

@article{Gaedicke,
	author = {Gaedicke, C. and Baranov, B. and Seliverstov, N. and Alexeiev, D. and Tsukanov, N. and Freitag, R.},
	title = {{Structure of an active arc-continent collision area: the Aleutian-Kamchatka junction}},
	journal = {Tectonophysics},
	volume = 325,
	pages = {63--85},	
	year = 2000}

@inbook{Geersenetal2018,
	title = {Submarine Geomorphology},
	author = {Geersen, J. and Voelker, D. and Behrmann, J. H.},
	chapter = {{Oceanic Trenches}},
	editor = {Geersen, J.},
	publisher = {Springer},
	pages = {409--424},	
	year = 2018}

@article{Geersen2019,
	author = {Geersen, J.},
	title = {{Sediment-starved trenches and rough subducting plates are conducive to T tsunami earthquakes}},
	journal = {Tectonophysics},
	volume = 762,
	pages = {28--44},	
	doi = {10.1016/j.tecto.2019.04.024},
	year = 2019}

@article{Guzmanetal2006,
	author = {Guzm\'{a}n-Speziale, M. and G\'{o}mez-Gonz\'{a}lez, J. M.},
	title = {{Seismic strain rate along the Middle America Trench reveals significant differences between Cocos-North America and Cocos-Caribbean convergence}},
	journal = {Geophysical Journal International}, 
	volume = 166,
	pages = {179--185},	
	issn = {0000-0000},
	year = 2006}
	
@article{Harrisetal2014,
	author = {Harris, P. T. and Macmillan-Lawler, M. and Rupp, J. and Baker, E. K.},
	title = {{Geomorphology of the oceans}},
	journal = {Marine Geology},
	volume = 352,
	pages = {4--24},	
	doi = {10.1016/j.margeo.2014.01.011},
	issn = {0025-3227},
	year = 2014}

 @article{Hayes,
	author = {Hayes, D. E. },
	title = {{A geophysical investigation of the Peru-Chile Trench}},
	journal = {Marine Geology},
	volume = 4,
	issue = 5,
	pages = {309--351},	
	doi = {10.1016/0025-3227(66)90038-7},
	year = 1966}

@article{HeuretLallemand2005,
	author = {Heuret, A. and Lallemand, S.},
	title = {{Plate motions, slab dynamics and back-arc deformation}},
	journal = {Physics of the Earth and Planetary Interiors},
	volume = 149,
	pages = {31--51},	
	doi = {10.1016/j.pepi.2004.08.022},
	issn = {0031-9201},
	year = 2005}

@article{HorlestonHelffrich2012,
	author = {Horleston, A. C. and Helffrich, G. R.},
	title = {{Constraining sediment subduction: A converted phase study of the Aleutians and Marianas}},
	journal = {Earth and Planetary Science Letters},
	volume = {359--360},
	pages = {141--151},	
	doi = {10.1016/j.epsl.2012.10.019},
	issn = {0012-821X},
	year = 2012}

@article{HueneCulotta1989,
	author = {von Huene, R. and Culotta, R.},
	title = {{Tectonic erosion at the front of the Japan Trench convergent margin}},
	journal = {Tectonophysics},
	volume = 160,
	pages = {75--90},	
	year = 1989}

@article{HueneLallemand1990,
	author = {Huene, {R. von} and Lallemand, S.},
	title = {{Tectonic erosion along the Japan and Peru convergent margins}},
	journal = {Geological Society of America Bulletin},
	volume = 102,
	pages = {704–720},
	year = 1990}

@report{HussongUyeda1982,
	author = {Hussong, D. M. and Uyeda, S.},
	title = {{Tectonic process and the history of the Mariana Arc: A synthesis of the results of deep sea drilling project leg 60}},
	howpublished = {Initial Reports of the Deep Sea Drilling Project, 60},
	note = {p. 909--929},
	year = 1982}

@book{IHOIOC2012,
	author = {{IHO}},
	title = {{GEBCO Gazetteer of Undersea Feature Names}},
	publisher = {IHO-IOC},
	month = 10,
	year = 2012}

@article{Jamiesonetal2011,
	author = {Jamieson, A. J. and Kilgallen, N. M. and Rowden, A. A. and Fujii, T. and Horton, T. and Lörz, A.-N. and Kitazawa, K. and Priede, I. G.},
	title = {{Bait-attending fauna of the Kermadec Trench, SW Pacific Ocean: Evidence for an ecotone across the abyssal-hadal transition zone}},
	journal = {Deep-Sea Research I,},
	volume = 58,
	pages = {49--62},	
	doi = {10.1016/j.dsr.2010.11.003},
	year = 2011}
	
@article{RID09251802355041,
	author = {Michal Klau\v{c}o and Bohuslava Gregorov\'{a}  and Peter Koleda and Ugljesa Stankov and Vladimir Markovi\'{c} and Polina Lemenkova},
	title = {{Land Planning as a Support for Sustainable Development Based on Tourism: A Case Study of Slovak Rural Region}},
	journal = {Environmental Engineering and Management Journal},
	volume = 16,
	number = 2,
	pages = {449--458},
	doi = {10.30638/eemj.2017.045},
	url = {http://www.ecozone.ro/reviste.php?revista=12&volum=57&numar=174&RID=1199},
	options = {maxnames=1},
	keywords = {article},
	language = {english},
	langid = {english},
	year = 2017}

@article{Kobayashietal1997,
	author = {Kobayashi, K. and Fujioka, K. and Fujiwara, T. and Iwabuchi, Y. and Kitazato, H.},
	title = {{Why is the Palau Trench so Deep? Deep-Sea Trench without Plate Convergence}},
	journal = {Proc. Japan Acad.},
	volume = 73,
	issue = 6,
	note = {Ser. B},
	pages = {89--94},
	year = 1997}

@article{Lallemandetal2008,
	author = {Lallemand, S. and Heuret, A. and Faccenna, C. and Funiciello F.},
	title = {{Subduction dynamics as revealed by trench migration}},
	journal = {Tectonics},
	volume = 27,
	issu = {TC3014},
	pages = {3014},	
	doi = {10.1029/2007tc002212},
	issn = {1944-9194},
	year = 2008}

@article{LeducRowden2018,
	author = {Leduc, D. and Rowden, A. A.},
	title = {{Nematode communities in sediments of the Kermadec Trench, Southwest Pacific Ocean}},
	journal = {Deep-Sea Research Part I},
	volume = 134,
	pages = {23--31},	
	doi = {10.1016/j.dsr.2018.03.003},
	year = 2018}

@article{Lee2004,
	author = {Sang-Mook Lee},
	title = {{Deformation from the convergence of oceanic lithosphere into Yap trench and its implications for early-stage subduction}},
	journal = {Journal of Geodynamics},
	volume = 37,
	pages = {83--102},	
	issn = {0264-3707},
	doi = {10.1016/j.jog.2003.10.003},
	year = 2004}

@inproceedings{Lemenkova2014d,
	author = {Michal Klau\v{c}o and Bohuslava Gregorov\'{a} and Ugljesa Stankov and Vladimir Markovi\'{c} and Polina Lemenkova},
	booktitle = {Ecology and Environmental Protection},
	booktitleaddon = {Proceedings of the Int'l Conference},
	title = {{Landscape metrics as indicator for ecological significance: assessment of Sitno Natura 2000 sites, Slovakia}},
	venue = {Belarusian State University},
	location = {Minsk, Belarus},
	eventdate = {2014-03-19/2014-03-20},
	publisher = {BSU Press},
	pages = {85--90},
	options = {maxnames=1},
	url = {http://elib.bsu.by/handle/123456789/103362},
	doi = {10.6084/m9.figshare.7434200},
	doi+an = {=openaccess},
	eprinttype = {HAL},
	eprint = {hal-01972864},
	keywords = {inproceedings},
	language = {english},
	langid = {english},
	month = 3,
	year = 2014}	

@article{RID:0925180235504-2,
	author = {Michal Klau\v{c}o and Bohuslava Gregorov\'{a} and Ugljesa Stankov and Vladimir Markovi\'{c} and Polina Lemenkova},
	title = {{Determination of ecological significance based on geostatistical assessment: a case study from the Slovak Natura 2000 protected area}},
	Journal = {Central European Journal of Geosciences},
	number = 1,
	volume = 5,
	pages = {28-42},
	issn = {1896-1517},
	publisher = {De Gruyter},
	options = {maxnames=1},
	doi = {10.2478/s13533-012-0120-0},
	keywords = {article},
	doi+an = {=openaccess},
	url = {https://www.degruyter.com/view/j/geo.2013.5.issue-1/s13533-012-0120-0/s13533-012-0120-0.xml?format=INT},
	language = {english},
	langid = {english},
	year = 2013}

@report{Lemenkova2006c,
	author = {Gohl, K. and Uenzelmann-Neben, G. and Eagles, G.  and Fahl, A. and Feigl, T.  and Grobys, J. and  Just, J.  and  Leinweber V. and Lensch, N. and Mayr, C. and Parsiegla, N. and Rackebrandt, N. and Schluter, P. and Suckro, S. and Zimmermann, K. and Gauger, S. and Bohlmann, H. and Netzeband, G. and Lemenkova, P.},
	options = {maxnames=1},
	title = {{Deep crustal refraction and reflection seismics. Crustal and sedimentary structure and geodynamic evolution of the West Antarctic continental margin and Pine Island Bay}},
	institution = {Alfred Wegener Institute},
	howpublished = {Reports on Polar and Marine Research 557/117},
	pages = {20--30},
	addendum = {Expedition program No. 75 of ANT-XXIII/4 Cruise 11-12},
	address = {Bremerhaven, Germany},
	issn = {1618-3193},
	doi = {10.6084/m9.figshare.7439243},
	doi+an = {=openaccess},
	url = {https://epic.awi.de/29852/1/PE_75.pdf},
	language = {english},
	langid = {english},
	keywords = {report},
	year = 2006}

@report{Lemenkova2006b,
	author = {Kuhn, G. and Hass, C. and Kober, M. and Petitat, M. and Feigl, T. and Hillenbrand, C. D. and Kruger, S. and Forwick, M. and Gauger, S. and Lemenkova, P.},
	 options = {maxnames=99},
    	 title = {{The response of quaternary climatic cycles in the South-East Pacific: development of the opal belt and dynamics behavior of the West Antarctic ice sheet}},
        	 howpublished = {Alfred Wegener Institute},
	 address = {Bremerhaven, Germany},
	 doi = {10.13140/RG.2.2.11468.87687},
	 url = {https://epic.Alfred Wegener Institute.de/29852/1/PE_75.pdf},
	 doi+an = {=openaccess},
	 keywords = {report},
	 options = {maxnames=1},
	 language = {english},
	 langid = {english},
	 year = 2006}
	
@report{Lemenkova2006a,
	author = {Karsten Gohl and Gabriele Uenzelmann-Neben and Graeme Eagles and Fahl, A. and Thomas Feigl and Jan Grobys and Julia Just and Volker Leinweber and Lensch, N. and Mayr, C. and Parsiegla, N. and Rackebrandt, N. and Schloter, P. and Suckro, S. and Zimmermann, K. and Steffen Gauger and Bohlmann, H. and Gesa Luise Netzeband and Polina Lemenkova},
	options = {maxnames=1},
    	 title = {{Crustal and Sedimentary Structures and Geodynamic Evolution of the West Antarctic Continental Margin and Pine Island Bay}},
        	 howpublished = {Alfred Wegener Institute},
	 address = {Bremerhaven, Germany},
	 doi = {10.13140/RG.2.2.16473.36961},
	 doi+an = {=openaccess},
	 url = {https://epic.Alfred Wegener Institute.de/29852/1/PE_75.pdf},
	 keywords = {report},
	 language = {english},
	 langid = {english},
	 year = 2006}
	
@article{Lemenkova2007f,
	author = {Steffen Gauger and Gerhard Kuhn and Karsten Gohl and Thomas Feigl and Polina Lemenkova and Claus Hillenbrand},
	title = {{Swath-bathymetric mapping}},
	journal={The expedition ANTARKTIS-XXIII/4 of the Res. Vessel 'Polarstern' in 2006. Berichte zur Polar- und Meeresforschung // Reports on Polar and Marine Research}, 
	volume = 557,
	publisher = {Alfred Wegener Institute f\"{u}r Polar- und Meeresforschung},
	editor = {Karsten Gohl},
	address = {Bremerhaven, Germany},
	pages = {38--45},
	issn = {1618-3193},
	addendum = {In English Ant. Acc. No.: 85104. CRREL Acc. No.: 63000887; illus., incl. sketch maps},
	url = {https://www.coldregions.org/vufind/Record/288392},
	doi = {10.6084/m9.figshare.7439231},
	doi+an = {=openaccess},
	eprinttype = {HAL},
	eprint = {hal-02022076},
	options = {maxnames=3},
	language = {english},
	langid = {english},
	keywords = {article},
	year = 2007}	
	
@article{Lemenkova2008b,
	 author = {Hans Werner Schenke and Polina Lemenkova},
	 title = {{Zur Frage der Meeresboden-Kartographie: Die Nutzung von AutoTrace Digitizer f\"{u}r die Vektorisierung der Bathymetrischen Daten in der Petschora-See}},
	 journal = {Hydrographische Nachrichten},
	 volume = 25, 
	 number = 81,
	 pages = {16--21},
	 language = {german},
	 langid = {english},
	 issn = {0934-7747},
	 doi = {10.6084/m9.figshare.7435538.v2},
	 doi+an = {=openaccess},
	 eprinttype = {HAL},
	 eprint = {hal-01964403},
	 keywords = {article},
	 month = 6,
	 year = 2008}

@article{Lemenkova201995,
	author = {Polina Lemenkova},
	title = {{Topographic surface modelling using raster grid datasets by GMT: example of the Kuril-Kamchatka Trench, Pacific Ocean}},
	journal = {Reports on Geodesy and Geoinformatics},
	volume = 108,
	pages = {9--22},	
	issn = {2391-8365},
	doi = {10.2478/rgg-2019-0008}, 
	doi+an = {=openaccess},	
%	eprinttype = {HAL},
%	eprint = {hal-},
	note = {\textbf{Scopus Q3, WoS}},
	keywords = {article},
%	url = {},
%	addendum = {\textsc{lsn}: \href{}{}. \textsc{ssrn}: \href{}{}. \textsc{zenodo}: \href{}{}. \textsc{figshare}: \href{}{}. },
%	related = {Lemenkova2019XX/doi},
%	relatedtype = {prelim},
	language = {english},
	langid = {english},
	month = 11,
	year = 2019}	 
	 
@article{Lemenkova201994,
	author = {Polina Lemenkova},
	title = {{GMT Based Comparative Analysis and Geomorphological Mapping of the Kermadec and Tonga Trenches, Southwest Pacific Ocean}},
	journal = {Geographia Technica},
	volume = 14,
	issue = 2,
	pages = {39--48},	
	issn = {1842-5135},
	doi = {10.21163/GT_2019.142.04}, 
	doi+an = {=openaccess},	
	note = {\textbf{Scopus Q3, WoS}},
	keywords = {article},
	url = {http://technicalgeography.org/index.php/latest-issue-2-2019/289-04_lemenkova},
	language = {english},
	langid = {english},
	month = 10,
	year = 2019}

@article{Lemenkova201993,
	author = {Polina Lemenkova},
	title = {{Computing and Plotting Correlograms by Python and R Libraries for Correlation Analysis of the Environmental Data in Marine Geomorphology}},
	journal = {Jeomorfolojik Ara\c{s}t{\i}rmalar Dergisi / Journal of Geomorphological Researches},
	volume = 3,
	pages = {1--16},	
	issn = {2667-4238},
	doi = {10.6084/m9.figshare.10012808}, 
	keywords = {article},
	url = {https://dergipark.org.tr/tr/pub/jader/issue/49634/555979},
	language = {english},
	langid = {english},
	month = 10,
	year = 2019}	 

@article{Lemenkova201992,
	author = {Polina Lemenkova},
	title = {{K-means Clustering in R Libraries \{cluster\} and \{factoextra\} for Grouping Oceanographic Data}},
	journal = {International Journal of Informatics and Applied Mathematics},
	volume = 2,
	issue = 1,
	pages = {1--26},	
	issn = {2667-6990},
	doi = {10.6084/m9.figshare.9891203},
	url = {https://dergipark.org.tr/tr/pub/ijiam/issue/48898/556356},
	language = {english},
	langid = {english},
	issn = {2667-6990},
	month = 09,
	year = 2019}

@article{Lemenkova201991,
	author = {Polina Lemenkova},
	title = {{Statistical Analysis of the Mariana Trench Geomorphology Using R Programming Language}},
	journal = {Geodesy and Cartography},
	volume = 45,
	issue = 2,
	pages = {57--84},	
	keywords = {article},
	url = {https://journals.vgtu.lt/index.php/GAC/article/view/3785},
	note = {\textbf{Scopus Q3}},
	doi = {10.3846/gac.2019.3785}, 
	language = {english},
	langid = {english},
	issn = {2029-6991},
	month = 9,
	year = 2019}
	
@article{Lemenkova201990,
	author = {Polina Lemenkova},
	title = {{Numerical Data Modelling and Classification in Marine Geology by the SPSS Statistics}},
	journal = {International Journal of Engineering Technologies},
	volume = 5,
	issue = 2,
	pages = {90--99},	
	doi = {10.5281/zenodo.3270949},  
	keywords = {article},
	url = {https://dergipark.org.tr/ijet/issue/45163/585830},
	issn = {2149-0104},
	month = 6,
	year = 2019}
	
@article{Lemenkova201989,
	author = {Polina Lemenkova},
	title = {{Testing Linear Regressions by StatsModel Library of Python for Oceanological Data Interpretation}},
	journal = {Aquatic Sciences and Engineering},
	volume = 34,
	issue = 2,
	pages = {51--60},	
	doi = {10.26650/ASE2019547010}, 
	keywords = {article},
	url = {https://dergipark.org.tr/ase/issue/45427/547010},
	language = {english},
	langid = {english},
	issn = {2602-473X},
	month = 6,
	year = 2019}

@article{Lemenkova201988,
	author = {Polina Lemenkova},
	title = {{Regression Models by Gretl and R Statistical Packages for Data Analysis in Marine Geology}},
	journal = {International Journal of Environmental Trends},
	volume = 3,
	issue = 1,
	pages = {39--59},	
	doi = {10.5281/zenodo.3253803}, 
	doi+an = {=openaccess},
	keywords = {article},
	url = {https://dergipark.org.tr/ijent/issue/46279/560239},
	language = {english},
	langid = {english},
	issn = {2602-4160},
	month = 6,
	year = 2019}
	
@article{Lemenkova201905,
	author = {Polina Lemenkova},
	title = {{Processing oceanographic data by Python libraries NumPy, SciPy and Pandas}},
	journal = {Aquatic Research},
	volume = 2,
	issue = 2,
	pages = {73--91},	
	doi = {10.3153/AR19009},	
	doi+an = {=openaccess},
	keywords = {article},
	url = {http://aquatres.scientificwebjournals.com/issue/43060/543881},
	language = {english},
	langid = {english},
	issn = {2618-6365},
	month = 4,
	year = 2019}
	
@article{Lemenkova201904,
	author = {Polina Lemenkova},
	title = {{An Empirical Study of R Applications for Data Analysis in Marine Geology}},
	journal = {Marine Science and Technology Bulletin},
	volume = 8,
	issue = 1,
	pages = {1--9},	
	doi = {10.33714/masteb.486678},
	doi+an = {=openaccess},
	keywords = {article},
	url = {http://dergipark.gov.tr/masteb/issue/41105/486678},
	language = {english},
	langid = {english},
	issn = {2147-9666},
	month = 3,
	year = 2019}

@inproceedings{Lemenkova201901,	
	title = {{Scatterplot Matrices of the Geomorphic Structure of the Mariana Trench at Four Tectonic Plates (Pacific, Philippine, Mariana and Caroline): a Geostatistical Analysis by R}},	
	author = {Polina Lemenkova},	
	booktitle = {{Problems of Tectonics of Continents and Oceans}},
	booktitleaddon = {Proceeding \nth{51} Tectonics Meeting},	
	publisher = {GEOS}, 	
	editor = {Degtyarev, K. E.},
	volume = 1,	
	pages = {347--352},	
	note = {venue: Lomonosov Moscow State University, Faculty of Geology},	
	organization = {Institute of Geology Russian Academy of Science (RAS)},
	location = {Moscow},	
	eventdate = {2019-01-29/2019-02-02},
	keywords = {inproceedings},	
	doi = {10.6084/m9.figshare.7699787.v1},
	doi+an = {=openaccess},
	url = {http://www.ginras.ru/struct/5/20/index.php},
	language = {english},
	langid = {english},
	month = 1,
	year = 2019}

@inproceedings{Lemenkova201902,	
	title = {{Scatterplot Matrices of the Geomorphic Structure of the Mariana Trench at Four Tectonic Plates (Pacific, Philippine, Mariana and Caroline): a Geostatistical Analysis by R}},	
	author = {Polina Lemenkova},	
	booktitle = {{\nth{51} Tectonics Meeting. Problems of Tectonics of Continents and Oceans}},
	pagetotal = 88,
	venue = {Lomonosov Moscow State University, Faculty of Geology},	
	organization = {Institute of Geology, Russian Academy of Science (RAS), Department of Earth Sciences},
	location = {Moscow, Russia},	
	eventdate = {2019-02-01},	
	keywords = {presentation},
	note = {Presentation},	
	doi = {10.13140/RG.2.2.15819.23845},
	doi+an = {=openaccess},
	eprinttype = {HAL},
	eprint = {hal-02004768},
	language = {english},
	langid = {english},
	month = 1,
	year = 2019}

@article{Lemenkova201866,
	author = {Polina Lemenkova},
	title = {{Factor Analysis by R Programming to Assess Variability Among Environmental Determinants of the Mariana Trench}},	
	eprinttype  = {arXiv},
	eprint = {1812.00989v1},
	eprintclass = {physics.geo-ph},
	journal = {Turkish Journal of Maritime and Marine Sciences},
	volume = 4,
	issue = 2,
	pages = {146--155},	
	url = {http://edergi.odu.edu.tr/ojs/index.php/JMMS/article/view/426},
	issn = {2564-7016}, 
	doi = {10.6084/m9.figshare.7358207},
	month = 12,
	year = 2018}

@inproceedings{Lemenkova201868,
	title = {{Hierarchical Cluster Analysis by R language for Pattern Recognition in the Bathymetric Data Frame: a Case Study of the Mariana Trench, Pacific Ocean}},
	booktitle = {Virtual Simulation, Prototyping and Industrial Design},
	booktitleaddon = {Proc. \nth{5} Int'l Conf. Issue 5},
	author = {Polina Lemenkova},
	pages = {147--152},	
	location = {Tambov},
	eventdate = {2018-11-14/2018-11-16},	
	venue = {TSTU)},
	editor = {Krasnyansky, M. N.},
	publisher = {TSTU Press},
	volume = 2,
	doi = {10.6084/m9.figshare.7531550},
	doi+an = {=openaccess},
	isbn = {978-5-8265-1997-4},
	keywords = {inproceedings},
	url = {http://go.tstu.ru/meroprijatija.php?id=46&lang=ru},
	language = {english},
	langid = {english},
	month = 11,
	year = 2018}
	
@article{Lemenkova201871,
	author = {Polina Lemenkova},
	title = {{R scripting libraries for comparative analysis of the correlation methods to identify factors affecting Mariana Trench formation}},	
	eprinttype  = {arXiv},
	eprint = {1812.01099},
	eprintclass = {physics.geo-ph},	
	journal = {Journal of Marine Technology and Environment},
	editor = {Mariana Panaitescu and Feiza Memet},
	volume = 2,	
	pages = {35--42},
	location = {Konstanta Maritime University, Romania},	
	issn = {1844-6116},
	url = {http://cmu-edu.eu/jmte},
	doi = {10.6084/m9.figshare.7434167},
	keywords = {article},
	language = {english},
	langid = {english},
	month = 11,
	year = 2018}

@inproceedings{Lemenkova2016e,
	title = {{Linking Data Between the Worksheets and GIS Databases for Effective Management of the Environmental Projects}},
	booktitle = {\nth{3} International Farabi Readings},
	booksubtitle = {Green Bridge Through Generations},
	booktitleaddon = {Materials of the \nth{5} International Student Forum},
	author = {Polina Lemenkova},
	isbn = {978-601-04-1958-2},
	editor = {Salnikov, V. G.},
	publisher = {Al-Farabi KNU Press}, 
	pages = {349--353},
	venue = {Al-Farabi Kazakh National University},
	location = {Almaty, Kazakhstan},
	doi = {10.6084/m9.figshare.7210238},
	doi+an = {=openaccess},
	eprinttype = {HAL},
	eprint = {hal-01973112},
	eventdate = {2016-04-11/2016-04-12},
	keywords = {inproceedings},
	language = {english},
	langid = {english},
	month = 4,
	year = 2016}


@article{Lemenkova201569,
	title = {{Smart Seafloor Mapping in Real Time Regime Using Deep-Sea Multibeam Echosounder Hydrosweep DS}},
	journal = {Izvestiya MGTU 'MAMI'},
	author = {Polina Lemenkova},
	volume = 5, 
	number = 4,
	issue = 26,
	publisher = {MGTU MAMI}, 
	pages = {23--27},
	issn = {2074-0530},
	url = {https://elibrary.ru/item.asp?id=25449856},
	doi = {10.6084/m9.figshare.7434185},
	doi+an = {=openaccess},
	eprinttype = {HAL},
	eprint = {hal-02021995},
	keywords = {article},
	language = {russian},
	langid = {english},
	month = 12,
	year = 2015}

@article{Lemenkova201540,	
	title = {{Thematic Information Clusters for Integrated GIS Mapping of the Marine Ecosystems}},
	author =  {Polina Lemenkova},
	journal = {Bulletin of the Yugra State University},
	issuetitle = {{The \nth{6} Technological Structures}},
	issuesubtitle = {{Mechanisms and Perspectives of the Development}},
	editor = {Karminskaya, T. D. and Bystrov, V. V. and Vokhmintsev, A. V.},
	volume = {S2}, 
	number = 37,
	pages = {48--50},
	location = {Russia, Khanty-Mansiysk},
	addendum = {YSU Press},
	doi = {10.6084/m9.figshare.7439222},
	doi+an = {=openaccess},
	issn = {1816-9228},
	keywords = {article},
	url = {https://elibrary.ru/item.asp?id=24989152},
	language = {russian},
	langid = {english},
	options = {maxnames=1},
	month = 11,
	year = 2015}

@inproceedings{Lemenkova201565,
	title = {{Data Capture for Seafloor Bathymetric Mapping Using Software Caris Hips, GMT and ArcGIS}},
	booktitle = {Actual Problems of the Modern Machinery},
	booktitleaddon = {Proceedings International Conference},
	author = {Polina Lemenkova},
	editor = {Chinakhov, D. A.},
	publisher = {TPU Press}, 
	pages = {111--117},
	venue = {Yurga Institute of Technology, Tomsk Polytechnic University (TPU) Branch},
	location = {Tomsk (Yurga), Russia},
	eventdate = {2015-12-17/2015-12-18},
	doi = {10.6084/m9.figshare.7210307},
	doi+an = {=openaccess},
	keywords = {inproceedings},
	url = {http://uti.tpu.ru/nauchnaya_deyatelnost/konferencii/mnpk_aktualnye_problemy_sovremennogo_mashinostroeniya_v_yuti_tpu/},
	language = {russian},
	langid = {english},
	month = 12,
	year = 2015}

@inproceedings{Lemenkova201510,	
	title = {{Google Earth web service as a support for GIS mapping in geospatial research at universities}},	
	author = {Polina Lemenkova},
	booktitle = {Web-Technologies in the Educational Space},
	booksubtitle = {Problems, Approaches, Perspectives},
	booktitleaddon = {Proceedings Int'l Conference},
	publisher = {OOO Rastr-NN}, 
	editor = {Aryutkina, S. V. and Napalkov, S. V.},
	pages = {460-464},
	location = {Arzamas, Russia},
	eventdate = {2015-03-26/2015-03-27},
	isbn = {978-5-9906469-1-9},
	doi = {10.6084/m9.figshare.7211798},
	doi+an = {=openaccess},
	eprinttype = {HAL},
	eprint = {hal-01973680},
	url = {https://elibrary.ru/item.asp?id=23426340},
	addendum = { EarthArXiv: \href{https://eartharxiv.org/ebyjq/}{ebyjq}},
	language = {russian and english},
	langid = {english},
	keywords = {inproceedings},
	month = 3,
	year = 2015}	

@inproceedings{Lemenkova2012j,
	author = {Polina Lemenkova and Catrin Promper and Thomas Glade},
	title = {{Economic Assessment of Landslide Risk for the Waidhofen a.d. Ybbs Region, Alpine Foreland, Lower Austria}},
	booktitle = {{Protecting Society through Improved Understanding}},
	booktitleaddon = {{\nth{11} Int'l Symposium on Landslides \& the \nth{2} North American Symposium on Landslides \& Engineered Slopes}},
	eventtitleaddon = {NASL},
	editor = {Eberhardt, E. and Froese, C. and Turner, A. K. and Leroueil, S.},
	location = {Banff, AB, Canada},
	eventdate = {2012-06-02/2012-06-08},
	options = {maxnames=99},
	pages = {279--285},
	doi = {10.6084/m9.figshare.7434230},
	doi+an = {=openaccess},
	eprinttype = {HAL},
	eprint = {hal-01972877},
	language = {english},
	langid = {english},
	month = 6,
	year = 2012}

@inproceedings{Lemenkova2012d,
	author = {Polina Lemenkova and Bruce Forbes and Timo Kumpula},
	booktitle = {Geoinformatics: Theoretical and Applied Aspects},
	booktitleaddon = {Proc. \nth{11} Int'l Conf.},
	title = {{Mapping Land Cover Changes Using Landsat TM: A Case Study of Yamal Ecosystems, Arctic Russia}},
	location = {Kiev, Ukraine},
	eventdate = {2012-05-14/2012-05-17},
	url = {https://elibrary.ru/item.asp?id=24527736},
	doi = {10.6084/m9.figshare.7434242.v1},	
	doi+an = {=openaccess},
	eprinttype = {HAL},
	eprint = {hal-02022108},
	keywords = {inproceedings},
	language = {english},
	langid = {english},
	month = 5,
	year = 2012}

@inproceedings{Lemenkova2012g,
	author = {Polina Lemenkova and Istv\'{a}n Elek},
	booktitle = {Geosciences and Environment},
	booktitleaddon = {Proceedings of the \nth{3} International Conference},
	booksubtitle = {Near-Surface Geophysics},
	title = {{Clustering Algorithm in ILWIS GIS for Classification of Landsat TM Scenes: a Case Study of Mecsek Hills Region, Hungary}},
	venue = {{Association of Geophysicists \& Environmentalists of Serbia (AGES)}}, 
	editor = {Komatina-Petrovic, S.},
	location = {Belgrade, Serbia},
	eventdate = {2012-05-27/2012-05-29},
	doi = {10.6084/m9.figshare.7434218.v1},
	doi+an = {=openaccess},
	eprinttype = {HAL},
	eprint = {hal-02000222},
	language = {english},
	langid = {english},
	keywords = {inproceedings},
	month = 5,
	year = 2012}

@thesis{Lemenkova2011c,
	author = {Polina Lemenkova},
	title = {{Seagrass Mapping and Monitoring Along the Coasts of Crete, Greece}},
	school = {University of Twente, Faculty of Earth Observation and Geoinformation (ITC)},
	address = {Enschede, Netherands},
	pagetotal = 158,
	type = {M.Sc. Thesis},
	editor = {Valentijn Venus and Albertus Toxopeus},
	doi = {10.13140/RG.2.2.16945.22881},
	doi+an = {=openaccess},
	url = {https://thesiscommons.org/p4h9v},
	language = {english},
	keywords = {thesis},
	language = {english},
	langid = {english},
	date = {2011-03-08}}

@inproceedings{Lemenkova2006e,
	 author = {Gohl, K. and Eagles, G. and Udintsev, G. B. and Larter, R. D. and Uenzelmann-Neben, G. and Schenke, H. W. and Lemenkova, P. and Grobys, J. and Parsiegla, N. and Schlueter, P. and Deen, T. and Kuhn, G. and Hillenbrand, C. D.},
	 title = {{Tectonic and Sedimentary Processes of the West Antarctic Margin of the Amundsen Sea Embayment and Pine Island Bay}},
	 booktitle = {{\nth{2} Open Science Conference and \nth{29} SCAR on 'Antarctica in the Earth System'}},
	 location = {Hobart, Tasmania, Australia},
	 eventdate = {2006-07-12/2006-07-14},
	 options = {maxnames=1},
	 doi = {10.6084/m9.figshare.7435484.v1},
	 doi+an = {=openaccess},
	 keywords = {inproceedings},
	 url = {https://www.scar.org/events/},
	 language = {english},
	 langid = {english},
	 month = 7,
	 year = 2006}

@inproceedings{Lemenkova2005b2,
	author = {Inna Suetova and Ludmila Ushakova and Polina Lemenkova},
	title = {{Geoecological Mapping of the Barents Sea Using GIS}},
	booktitle = {{Int'l Cartographic Conf. ICC. Theme 5 Digital Cartography \& GIS for Sustainable Develop. of Territories. Session 4 'Land Management (3)'}}, 
	url = {https://icaci.org/files/documents/ICC_Proc./ICC2005/htm/oral.htm},
	location = {La Coru{\~n}a, Espa{\~n}a},
	keywords = {presentation},
	doi = {10.6084/m9.figshare.7435529},
	doi+an = {=openaccess},
	eprinttype = {HAL},
	eprint = {hal-01974744},
	options = {maxnames=3},
	language = {english},
	langid = {english},
	date = {2005-07-12}}

@article{Lemenkova2005a,
	author = {Inna Suetova and Ludmila Ushakova and Polina Lemenkova},
	title = {{Geoinformation mapping of the Barents and Pechora Seas}},
	journal = {Geography and Natural Resources}, 
	volume = 4,
	publisher = {Siberian Branch RAS},
	editor = {Snytko, V. A.},
	address = {Novosibirsk},
	pages = {138--142},
	issn = {1875-3728},
	doi = {10.6084/m9.figshare.7435535},
	doi+an = {=openaccess},
	options = {maxnames=3},
	language = {english},
	langid = {english},
	keywords = {article},
	year = 2005}

@book{Lemenkova2007c,
	author = {Dumnov, A. D. and Kirsanov, A. A. and Kiseleva, E. A. and Lipijajnen, K. L. and Rybal'skij, N. G. and Snakin, V. V. and Afanas'ev, A. N. and Borisova, O. K. and Velichko, A. A. and Grebennikova, T. A. and Gribchenko, Ju. N. and Doluhanov, P. M. and Zelikson, Je. M. and Klimanov, V. A. and Komedchikov, N. N. and Kononov, Ju. M. and Korotkij, A. M. and Kukushkina, N. I. and Kurenkova, E.I. and Pletnev, S.P. and Faustova, M. A. and Hotinskij, N. A. and Chepalyga, A. L. and Aristov, Ju. A. and Baksheev, I. A. and Balashova, T. V and Bebutova, V. K. and Belov, S. V. and Beljaev, G. M. and Beljaev, I. V. and Bogdanov, Ju. V. and Borisov, B. A. and Budakova, A. V. and Burdje, A. I. and Bush, V. A. and Vdovec, M. S. and Verba, V. V. and Vil'komir, T. A and Vjalov, V. I. and Grachev, A. F and Golovin, A. A and Golubeva, V. F and Golubeva, L. V and Golubkova, O. K and Gorbacevich, N. R. and Gorbunova, N. G and Gurevich, A. B. and Gusev, G. S. and Dem'janov, G. B. and Dundo, O. P. and Egorkin, A. V.  and Esikova, L. V. and Zamoruev, V. V. and Zanin, A. M. and Zarrina, E. P. and Zolotarskaja, S. P. and Zolotov, A. P. and Kachugina, S. I. and Kashin, L. A. and Kilipko, V. A. and Kireeva, G. M. and Kirikov, K. P. and Kirikov, D. A. and Kiseleva, I. V. and Klochko, A. A. and Kovalenko, Je. I. and Kozlov, V. V. and Kolesnik, N. N. and Kondiajn, O. A. and Koreshkov, N. A. and Kostjuchenko, S. L. and Kochedykova, L. V. and Kravchenko, G. V. and Krasnov, I. I. and Krinochkin, L. A. and Kuznecov, Ju. G. and Kuznecov, Ju. Ja. and Kuz'menko, E. N. and Lazurkin, D. V. and Lantuh, T. E. and Lapo, A. V. and Larichev, A. I. and Lipilin, A. V. and Litvinova, T. P. and Loskutov, A. A. and Makarenko, N. L. and Makarova, Z. A. and Mal'ceva, E. M. and Mamina, S. Z. and Markov, K. A. and Marchenko, A. G. and Matvienkiva, N. A. and Mezhelovskij, N. V. and Melihov, V. N. and Meshherskij, I. N. and Mil'shtejn, E. D. and Minina, E. A. and Moiseenko, U. I. and Moroz, I. V. and Morozov, A. F. and Moskalenko, P. E. and Mohov, V. V. and Nazarova, A. K. and Nazarova, N. G. and Najmark, A. A. and Natapov, L. M. and Negrov, O. B. and Nikitenko, Ju. P. and Nikolaev, V. A. and Nikolaev, N. I. and Nikol'skij, Ju. I. and Novichkova, T. A. and Ospennikova, L. A. and Petrov, O. V. and Petushkova, N. V. and Pljushhev, E. V. and Poklonov, V. I. and Polnikova, T. G. and Popov, P. D. and Rajzman, A. P. and Romanovskaja, M. A. and Rotfel'd, I. S. and Rybalko, A. E. and Ryzhkova, V. M. and Sadykov, R. K. and Sapatova, V. M. and Saraf, S. L. and Selivanov, V. A. and Semich, V. S. and Sigalov, V. M. and Sidorkin, N. V. and Sirota, Ju. N. and Smelova, L. V. and Smirnov, L. V. and Smirnova, L. D. and Sokolov, S. V. and Spiridonov, M. A. and Strel'nikov, S. I. and Taranov, V. A. and Tarnogradskij, V. D. and Tihomirov, I. N. and Trunin, A. A. and Ulomov, V. I. and Ufimcev, G. F. and Feoktistov, V. P. and Hajn, B. E. and Hotina, E. B. and Hrisanov, V. R. and Cvetkov, V. P. and Chovrebova, L. K. and Chuprina, N. S. and Shahova, S. N. and Shkarubo, C. I. and Shkatova, V. K. and Shmijarova, N. P. and Shokal'skij, S. P. and Shor, G. M. and Shul'min, V. M. and Shherbakov, N. A. and Shherbakova, S. V. and Jenna, N. L. and Jerinchek, Ju. M. and Jun, L. P. and Jurin, V. O. and Jaroshenko, M. F. and Jashhenko, V. R. and Agapova, G. V. and Anisimova, N. V. and Berkovich, K. M. and Bronguleev, V. V. and Budarina, O. I. and Bulanov, S. A. and Gordeev, P. V. and Gorelov, S. K. and Dubljanskaja, G. N. and Zhidkov, M. P. and Zorina, E. F. and Kozlova, A. E. and Loginova, L. V. and Makkaveev, A. N. and Nikol'skaja, I. I. and Perov, V. F. and Prohorova, S. D. and Rusina, T. V. and Ryhlova, T. V. and Timofeev, D. A. and Akent'eva, E. N. and Birman, B. A. and Bozhilina, E. A. and Gruza, G. V. and Ivanidze, T. G. and Izrajel', Ju. A. and Karpenko, V. N. and Kljueva, M. V. and Kobysheva, N. V. and Pigol'cina, G. B. and Psalomshhikova, L. M. and Razova, E. N. and Ran'kova, Je. Ja. and Semjonov, Ju. A. and Sorokina, V. N. and Stadnik, V. V. and Trofimova, O. V. and Hajrullin, K. Sh. and Ajbulatov, D. N. and Agapova, K. A. and Bazhenova, E. A. and Baskov, E. A. and Eremeeva, A. A. and Grechushnikova, M. G. and Evstigneev, V. M. and Ivanov, I. V. and Ivanova, T. K. and Kuz'mich, V. N. and Maslennikova, V. V. and Petrov, V. V. and Prisjazhnaja, A. A. and Skornjakov, V. A. and Surikov, S. N. and Chernogaeva, G. M. and Chujko, M. A. and Shenberg, N. V. and Bogojavlenskaja, G. E. and Varnakova, G. M. and Vinogradov, O. N. and Glazovskaja, T. G. and Debol'skaja, E. K. and Debol'skij, V. K. and Dolgushin, L. D. and Dvigalo, V. N. and Donchenko, R. V. and D'jakova, A. M. and Zaharov, A. G. and Zverkova, N. M. and Zolotarev, E. A. and Kitaev, L. M. and Kozlov, D. V. and Koreneva, V. V. and Korjakin, B. C. and Kotljakov, V. M. and Kravcova, V. I. and Krenke, A. N. and Krjukova, O. S. and Loseva, V. G. and Matvienko, V. S. and Mihel', V. M. and Mordasov, M. A. and Murav'ev, Ja. D. and Osipova, G. B. and Osokin, N. I. and Psareva, T. V. and Revjakin, V. S. and Romanova, I. M. and Rudneva, A. V. and Tumel', N. V. and Hubunaja, S. A. and Shterenliht, D. V. and Ajbulatov, N. A. and Alekseev, M. N. and Astahov, A. S. and Berljant, A. M. and Blazhchishin, A. I. and Bojkova, Je. E. and Borisenko, E. N. and Burlin, Ju. K. and Vashhenkova, N. G. and Velichkin, V. I. and Vereshhaka, T. V. and Vinogradov, M. E. and Ginzburg, G. D. and Gordeev, V. V. and Demina, L. L. and Derkachev, A. N. and Dobroljubov, S. A. and Drushic, V. A. and Dulepova, E. P. and Dushkina, L. A. and Efimov, A. N. and Zalogin, B. S. and Ivashin, M. V. and Ignatov, E. I. and Izosov, L. A. and Karkoshkina, A. S. and Karnauh, N. V. and Kirillova, G. L. and Komarov, A. V. and Kosarev, A. N. and Kotenev, B. N. and Kuprin, P. N. and Kurbatova, I. E. and Lavrov, S. A. and Lavrushin, Ju. A. and Lebedev, L. I. and Lebedeva, E. S. and Levin, V. N. and Lelikov, E. P. and Liht, F. R. and Lemenkova, P. A. and Luk'janova, S. A. and Maslovskaja, M. and Matishov, D. G. and Mejsner, L. B. and Mel'nikov, N. G. and Najmushin, B. V. and Nalbandov, Ju. R. and Nikitin, B. A. and Obzhirov, A. I. and Popov, L. A. and Pozdnjak, G. V. and Rovnin, L. I. and Romancov, V. A. and Rjabchikova, V. I. and Saenko, G. I. and Sapozhnikov, V. V. and Svistunov, E. P. and Seleznev, P. V. and Solov'ev, B. A. and Solov'eva, G. D. and Sorokin, V. M. and Sorokin, P. Ju. and Sorokin, Ju. I. and Suetova, I. A. and Tikunov, V. S. and Tugolesov, D. A. and Tuzhilkin, V. S. and Tumanceva, N. I. and Frol', V. V. and Harahinov, V. V. and Shemraev, G. A. and Shimkus, K. N. and Shuntov, V. P. and Shushkina, Je. A.  and Shherbakov, F. A. and Ustinovich, Sh. and Ushakova, L. A. and Jepshtejn, O. G. and Aleksandrovskij, A. L. and Aljabina, I. O. and Bogdanova, M. D. and Vandysheva, N. M. and Gavrilova, I. P. and Gennadiev, A. N. and Gerasimova, M. I. and Golovanov, D. L. and Gracheva, R. G. and Gurov, A. F. and Deeva, N. F. and Dobrovol'skij, G. V. and Il'ina, A. A. and Krechetov, P. P. and Kuznecov, A. V. and Pikovskij, Ju. I. and Priputina, I. V. and Martynenko, I. A. and Martynjuk, K. N. and Mitenko, G. V. and Sychev, V. G. and Urusevskaja, I. S. and Hakimov, F. I. and Janvareva, L. F. and Bronnikova, V. K. and Gorbatovskij, V. V. and Egoshina, T. L. and Kiseleva, N. M. and Kotova, T. V. and Mikljaeva, I. M. and Moiseev, B. N. and Ogureeva, G. N. and Tarko, A. M. and Sharyj, P. A. and Shvergunova, L. V. and Jurkovskaja, T. K. and Belova, T. A. and Varshavskij, A. A. and Danilenko, A. K. and Emel'janova, L. G. and Leont'eva, O. A. and Rumjancev, V. Ju. and Safonov, V. G. and Smirin, V. M. and Soldatov, M. S. and Tupikova, N. V. and Hljap, L. A. and Bashkin, V. N. and Veremeeva, A. A. and Vostokova, A. V. and Isachenko, A. G. and Kasimov, N. S. and Koroleva, N. A. and Mamaj, I. I. and Mel'chenko, V. E. and Moiseev, B. I. and Samojlova, G. S. and Sorokovikova, N. V. and Shnynarkov, A. L. and Shherbakova, L. N. and Alekseenko, O. A. and Anohin, Ju. A. and Artjomov, E. A. and Baranova, N. V. and Boltneva, L. I. and Vasilenko, V. N. and Gubanov, M. N. and Evteev, O. A. and Imshennik, E. V. and Kvasnikova, E. V. and Kiseleva, M. N. and Nazarov, I. M. and Nokelajnen, T. S. and Perel'man, A. I. and Prohorov, B. B. and Prohorova, E. A. and Semenova, V. V. and Sosunova, I. A. and Stukin, E. D. and Tal'skaja, N. N. and Anikina, E. M. and Putrik, Ju. S. and Sveshnikov, V. V. and Chizhova, V. P. and Zhiv, D. I. and Pozdnjak, G. V. and Stadnik, V. V.},
	title = {{Nacional'nyj Atlas Rossii. Priroda. Jekologija. (National Atlas of Russia. Nature. Ecology)}},
	volume = 2,
	address = {Institute of Geography, Russian Academy of Science (RAS), Moscow, Russia},
	editor = {Kotlyakov, V. M.},
	publisher = {PKO Kartografiya},
	isbn = {5-85120-250-5},
	url = {https://elibrary.ru/item.asp?id=23676880}, 
	pagetotal = 496,
	language = {russian},
	langid = {english},
	options = {maxnames=1},
	keywords = {book},
	year = 2007}

@article{Liuetal2007,
	author = {Liu, Y. and Santos, A. and Wang, S. M. and Shi, Y. and Liu, H. and Yuen, D. A.},
	title = {{Tsunami hazards along Chinese coast from potential earthquakes in South China Sea}},
	journal = {Physics of the Earth and Planetary Interiors},
	volume = 163,
	issue = {1--4},
	pages = {233--244},	
	issn = {},
	doi = {10.1016/j.pepi.2007.02.012},
	year = 2007}

@article{Linetal2016,
	author = {Weiren Lin and Timothy B. Byrne and Masataka Kinoshita and Lisa C. McNeill and Chandong Chang and Jonathan C. Lewis and Yuzuru Yamamoto and Demian M. Saffer and J. Casey Moore and Hung-Yu Wue and Takeshi Tsuji and Yasuhiro Yamada and Marianne Conin and Saneatsu Saito and Takatoshi Iton and Harold J. Tobino and Gaku Kimura and Kyuichi Kanagawa and Juichiro Ashi and Michael B. Underwood and Toshiya Kanamatsu},
	title = {{Distribution of stress state in the Nankai subduction zone, southwest Japan and a comparison with Japan Trench}},
	journal = {Tectonophysics},
	volume = 692,
	pages = {120--130},	
	doi = {10.1016/j.tecto.2015.05.008},
	options = {maxnames=1},
	issn = {0040-1951},
	year = 2016}

@article{Lindley2006,
	author = {Lindley, I. D. },
	title = {{New Britain Trench, Papua New Guinea: An extensional element in a regional sinistral strike-slip system}},
	journal = {New Concepts in Global Tectonics Newsletter},
	volume = 41,
	pages = {15--27},	
	year = 2006}

@book{Lisicynetal1990,
	author = {Lisicyn, A. P. and Bogdanov, Ju. A. and Gurvich, E. G.},
	title = {{Gidrotermal'nye obrazovanija riftovyh zon okeana (Hydrothermal formation of rift zones of the ocean)}}, 
	address = {Moscow, Institute of Oceanology. n.a. P. P. Shirshov},
	editor = {Kupcov, V. M.},
	publisher = {Nauka},
	pagetotal = {341},
	language = {russian},
	year = 1990}

@article{Lo2017,
	author = {Lo, C.-L. and Doo, W.-B. and Hao, K-Ch. and Hsu, Sh.-K.},
	title = {{Plate coupling across the northern Manila subduction zone deduced from mantle lithosphere buoyancy}},
	journal = {Physics of the Earth and Planetary Interiors},
	volume = 273,
	pages = {50--54},	
	doi = {10.1016/j.pepi.2017.10.001},
	year = 2017}

@article{Ludwigetal1966,
	author = {Ludwig, W. J. and Ewing, J. I. and Ewing, M. and Murauchi, S. and Den, N. and Asano, S. and Hotta, H. and Hayakawa, M. and Asanuma, T. and Ichikawa, K. and Noguchi, I.},
	title = {{Sediments and structure of Japan Trench}},
	journal = {Journal of Geophysical Research},
	volume = 71,
	pages = {2121--2137},	
	year = 1966}

@article{MaiorovaAdrianov2018b,
	author = {Maiorova, A. S. and Adrianov, A. V.},
	title = {{Deep-sea spoon worms (Echiura) from the Sea of Okhotsk and the adjacent T slope of the Kuril-Kamchatka Trench}},
	journal = {Deep-Sea Research Part II},
	volume = 154,
	pages = {177--186},	
	doi = {10.1016/j.dsr2.2018.07.010},
	year = 2018}

@book{Mammerickx,
	author = {Mammerickx, J.},
	title = {{Bathymetry of the South Pacific, Chart 11}},
	publisher = {Scripps Institute of Oceanography and Institute of Marine Science, La Jolla, U. S.},
	year = 1971}
	
@article{MarksSmith2012,
	author = {Marks, K. M. and Smith, W. H. F. },
	title = {{Radially symmetric coherence between satellite gravity and multibeam bathymetry grids}},
	journal = {Marine Geophysical Research},
	volume = 33,
	issue = 3,
	pages = {223–227},	
	doi = {10.1007/s11001-012-9157-1},
	year = 2012}

@article{Mayeretal2018,
	author = {Mayer, L. and Jakobsson, M. and Allen, G. and Dorschel, B. and Falconer, R. and Ferrini, V. and Lamarche, G. and Snaith, H. and Weatherall, P.},
	title = {{The Nippon Foundation - GEBCO Seabed 2030 Project: The Quest to See the World’s Oceans Completely Mapped by 2030}},
	journal = {Geosciences},
	volume = 8,
	issue = 2,
	pages = {63},	
	doi = {10.3390/geosciences8020063},
	year = 2018}

@article{Monahan2004,
	author = {Monahan, D.},
	title = {{GEBCO: the Second Century}},
	journal = {Hydro International},
	volume = 8,
	issue = 9,
	note = {University of New Hampshire},
	pages = {1-10},	
	year = 2004}

@article{Morgan1968,
	author = {Morgan, W. J.},
	title = {{Rises, trenches, great faults, and crustal blocks}},
	journal = {Journal of Geophysical Research Atmospheres}, 
	volume = 73,
	pages = {1959-1982},	
	issn = {0148-0227},
	year = 1968}

@article{Nishizawaetal2006,
	author = {Nishizawa, A. and Kaneda, K. and Nakanishi, A. and Takahashi, N. and Kodaira, S.},
	title = {{Crustal structure of the ocean-island arc transition at the mid Izu-Ogasawara (Bonin) arc margin}},
	journal = {Earth Planets Space},
	volume = 58,
	pages = {e33-e36},	
	doi = {10.1186/BF03352594},
	year = 2006}

@article{OdaSenna1994,
	author = {Oda, H. and Senna, H.},
	title = {{Regional variation in surface wave group velocities in the Philippine Sea}},
	journal = {Tectonophysics},
	volume = 233,
	pages = {265--277},	
	year = 1994}
	
@article{Okamura,
	author = {Okamura, Y. and Nishizawa, A. and Oikawa, M. and Horiuchi, D.},
	title = {{Differential subsidence of the forearc wedge of the Ryukyu (Nansei-Shoto) Arc caused by subduction of ridges on the Philippine Sea Plate}},
	journal = {Tectonophysics},
	volume = 717,
	pages = {399--412},	
	doi = {10.1016/j.tecto.2017.08.025},
	year = 2017}

@book{RCoreTeam2014,
	author = {R Development Core Team},
	title = {{R: a Language and Environment for Statistical Computing}},
	publisher = {R Foundation for Statistical Computing},
	address = {Vienna, Austria},
	language = {english},
	note = {Available at http://www.R-project.org},
	year = 2014}

@book{Rossumatal2018,
	author = {Rossum, G. van and Python development team},
	title = {{Python Tutorial Release 3.6.4.}},
	publisher = {Python Software Foundation},
	pagetotal = {446},
	year = 2018}

@article{RuffKanamori1980,
	author = {Ruff, L. and Kanamori, H.},
	title = {{Seismicity and the subduction process}},
	journal = {Physics of the Earth and Planetary Interiors},
	volume = 23,
	pages = {240--252},	
	issn = {0031-9201},
	doi = {10.1016/0031-9201(80)90117-X},
	issn = {0031-9201},
	year = 1980}

@article{Sandwelletal2013,
	author = {Sandwell, D. T. and Garcia, E. and Soofi, K. and Wessel, P. and Smith, W. H. F.},
	title = {{Towards 1 mGal Global Marine Gravity from CryoSat-2, Envisat, and Jason-1}},
	journal = {The Leading Edge}, 
	doi = {10.1190/tle32080892.1},
	volume = 32,
	issue = 8,
	pages = {892--899},	
	year = 2013}

@article{Sanoetal2016,
	author = {Sano, T. and Shirao, M. and Tani, K. and Tsutsumi, Y. and Kiyokawa, S. and Fujii, T.},
	title = {{Progressive enrichment of arc magmas caused by the subduction of seamounts under Nishinoshima volcano, Izu-Bonin Arc, Japan}},
	journal = {Journal of Volcanology and Geothermal Research},
	volume = 319,
	pages = {52--65},	
	doi = {10.1016/j.jvolgeores.2016.03.004},
	year = 2016}

@article{Satoetal1997,
	author = {Toshinori Sato and Junzo Kasahara and Hiroshi Katao and Natsumi Tomiyama and Kimihiro Mochizuki and Sadayuki Koresawa},
	title = {{Seismic observations at the Yap Islands and the northern Yap Trench}},
	journal = {Tectonophysics},
	volume = 271,
	pages = {285--294},	
	issn = {0040-1951},
	year = 1997}
	
@article{Savostinetal1983,
	author = {Savostin, L. A. and Zonenshain, L. and Baranov, B. V.},
	title = {{Geology and plate tectonics of the Sea of Okhotsk, Geodynamics of the Western Pacific-Indonesian Region}},
	journal = {Geodynamics Series},
	volume = 11,
	pages = {189--221},	
	note = {AGU, Washington, D. C.},
	year = 1983}

@book{Shepard1963,
	author = {Shepard, F. P.},
	title = {{Submarine Geology}},
	address = {New York, U.S.},
	publisher = {Harper \& Row},
	year = 1963}

@article{Smith,
	author = {Smith, W. H. F.},
	title = {{On the accuracy of digital bathymetric data}},
	journal = {Journal of Geophysical Research},
	volume = 98,
	issue = {(B6)},
	pages = {9591–9603},
	year = 1993}

@article{SmithSandwell1997a,
	author = {Smith, W. H. F. and Sandwell, D. T.},
	title = {{Global Sea Floor Topography from Satellite Altimetry and Ship Depth Soundings}},
	journal = {Science},
	volume = 277,
	issue = 5334,
	pages = {1956--1962},	
	url = {www.sciencemag.org},
	doi = {10.1126/science.277.5334.1956},
	issn = {0036-8075},
	month = 9,
	year = 1997}

@article{SmithSandwell1997b,
	author = {Smith, W. H. F. and Sandwell, D. T.},
	title = {{Marine gravity field from declassified Geosat and ERS-1 altimetry}},
	journal = {Journal of Geophysical Research Atmospheres}, 
	doi = {10.1029/96JB03223},
	volume = 102,
	issue = {B5}, 
	pages = {10039--10054},	
	year = 1997}
	
@article{Taylor1979,
	author = {Taylor, B. },
	title = {{Bismarck Sea: evolution of a back-arc basin}},
	journal = {Geology},
	volume = 7,
	pages = {171--174},	
	year = 1979}
	
@book{TurcotteSchubert2013,
	author = {Donald L. Turcotte and Gerald Schubert},
	title = {{Geodynamics}},
	address = {U.K.},
	publisher = {Cambridge University Press},
	edition = 2,
	pagetotal = {472},
	isbn = {1429238607},
	year = 2013}

@manual{Wessel2019,
 	title = {{The Generic Mapping Tools. GMT Man Pages. Release 5.4.5}},
  	author = {Wessel, P. and Smith, W. H. F. and Scharroo, R. and Luis, J. and Wobbe, F.},
  	organization = {GMT},
  	address = {U.S.A},
 	year = {2019},
}

@manual{Wessel2018,
 	title = {{The Generic Mapping Tools. Version 4.5.18 Technical Reference and Cookbook}},
  	author = {Wessel, P. and Smith, W. H. F. },
  	organization = {GMT},
  	address = {U.S.A},
	pager = {252},
 	year = {2018},
}

@article{WesselSmith1996,
	author = {Wessel, P. and Smith, W. H. F.},
	year = {1996},
	title = {{A Global Self-consistent, Hierarchical, High-resolution Shoreline Database}},
	journal = {Journal of Geophysical Research Atmospheres},
	volume = {101},
	issue = {B4},
	pages = {8741--8743},
	doi = {10.1029/96JB00104}}

@article{Wessel1998,
	author = {Wessel, P. and Smith, W. H. F.},
	year = {1998},
	title = {{New version, of the Generic Mapping Tools released}},
	journal = {EOS Transactions of the American Geophysical Union},
	volume = {79},
	number = {47},
	pages = {329},
	doi = {10.1029/98EO00426}}

@article{Wu2009,
	author = {Wu, T.-R. and Huang, H.-Ch.},
	title = {{Modeling tsunami hazards from Manila trench to Taiwan}},
	journal = {Journal of Asian Earth Sciences},
	volume = 36,
	pages = {21--28},	
	doi = {10.1016/j.jseaes.2008.12.006},
	year = 2009}
	
@article{Xuetal2018,
	author = {Yunping Xu and Huangmin Ge and Jiasong Fang},
	title = {{Biogeochemistry of hadal trenches: Recent developments and future perspectives}},
	journal = {Deep-Sea Research Part II},
	volume = 155,
	pages = {19--26},	
	issn = {0967-0645},
	doi = {10.1016/j.dsr2.2018.10.006},
	year = 2018}

@article{Yoneshimaetal2005,
	author = {Shinji Yoneshima and Kimihiro Mochizuki and Eiichiro Araki and Ryota Hino and Masanao Shinohara and Kiyoshi Suyehiro},
	title = {{Subduction of the Woodlark Basin at New Britain Trench, Solomon Islands region}},
	journal = {Tectonophysics},
	volume = 397,
	pages = {225--239},	
	issn = {0040-1951},
	doi = {10.1016/j.tecto.2004.12.008},
	year = 2005}

@article{Yoshida2017,
	author = {Masaki Yoshida},
	title = {{Trench dynamics: Effects of dynamically migrating trench on subducting slab morphology and characteristics of subduction zones systems}},
	journal = {Physics of the Earth and Planetary Interiors},
	volume = 268,
	pages = {35--53},	
	doi = {10.1016/j.pepi.2017.05.004},
	issn = {0031-9201},
	year = 2017}

@article{Yoshii1979,
	author = {Yoshii, T.},
	title = {{Detailed cross-section of the deep seismic zone beneath northeastern Honshu, Japan}},
	journal = {Tectonophysics},
	volume = 55,
	pages = {349--360},
	year = 1979}
	