@book{Rahman,
	author = {Atiq Rahman and Mozaharul Alam and Sarder Shafiqul Alam and Md Rabi Uzzaman and Mariam Rashid and Golam Rabbani},
	title = {{Risks, Vulnerability and Adaptation in Bangladesh}},
	publisher = {Human Development Report 2007/2008},
	year = 2008}

@book{Agrawala,
	author = {Shardul Agrawala and Tomoko Ota and Ahsan Uddin Ahmed and Joel Smith and Maarten van Aalst},
	title = {{Development and climate change in Bangladesh: Focus on Coastal Flooding and the Sundarbans}},
	publisher = {Working Party on Global and Structural Policies. Working Party on Development Co-operation and Environment},
	year = 2003} 
	
@book{Bangladesh,
	author = {Government of the Peopleâ€™s Republic of Bangladesh. Department of Environment},
	title = {{Climate Change and Bangladesh. Action Plan 2007}},
	publisher = {Dhaka, Bangladesh},
	year = 2007}

@book{Government,
	author = {Government of the People's Republic of Bangladesh. Ministry of Environment and Forests},
	title = {{Bangladesh Climate Change Stategy and Action Plan 2008}},
	publisher = {Dhaka, Bangladesh},
	year = 2008}
	
@book{Prathumchai,
	author = {Kulapramote Prathumchai},
	title = {{Assessment Flood Vulnerability and Mitigation Planning in Munshiganj District of Bangladesh using Remote Sensing and GIS}},
	publisher = {Geoinformatics Center, Asian Institute of Technology, Lal Samarakoon, Earth Observation Research Center, Japan Aerospace Exploration Agency},
	year = 2005}

@article{Brouwer,
	author = {Roy Brouwer and Sonia Akter and Luke Brander and Enamul Haque},
	title = {{Socioeconomic Vulnerability and Adaptation to Environmental Risk A Case Study of Climate Change and Flooding in Bangladesh}},
	journal = { Risk Analysis},
	volume = 27,
	issue = 2,
	pages = {1--10},	
	year = 2007}

@article{Lemenkova2008b,
	 author = {Hans Werner Schenke and Polina Lemenkova},
	 title = {{Zur Frage der Meeresboden-Kartographie: Die Nutzung von AutoTrace Digitizer f\"{u}r die Vektorisierung der Bathymetrischen Daten in der Petschora-See}},
	 journal = {Hydrographische Nachrichten},
	 volume = 25, 
	 number = 81,
	 pages = {16--21},
	 language = {german},
	 langid = {english},
	 issn = {0934-7747},
	 doi = {10.6084/m9.figshare.7435538.v2},	 month = 6,
	 year = 2008}	
	
@article{Lemenkova2007f,
	author = {Steffen Gauger and Gerhard Kuhn and Karsten Gohl and Thomas Feigl and Polina Lemenkova and Claus Hillenbrand},
	title = {{Swath-bathymetric mapping}},
	journal={The expedition ANTARKTIS-XXIII/4 of the Res. Vessel 'Polarstern' in 2006. Berichte zur Polar- und Meeresforschung // Rep. on Polar and Marine Res.}, 
	volume = 557,
	publisher = {Alfred Wegener Institute f\"{u}r Polar- und Meeresforschung},
	editor = {Karsten Gohl},
	address = {Bremerhaven, Germany},
	pages = {38--45},
	issn = {1618-3193},
	addendum = {In English Ant. Acc. No.: 85104. CRREL Acc. No.: 63000887; illus., incl. sketch maps},
	url = {https://www.coldregions.org/vufind/Record/288392},
	doi = {10.6084/m9.figshare.7439231},
	options = {maxnames=99},
	language = {english},
	langid = {english},
	keywords = {article},
	year = 2007}	
		
@thesis{Lemenkova2007b,
	title = {{Using ArcGIS in Teaching Geosciences}},
	author = {Polina Lemenkova},
	school = {Lomonosov Moscow State University, Faculty of Educational Studies},
	editor = {Inna Suetova},
	address = {Moscow, Russia},
	pagetotal = 58,
	doi = {10.13140/RG.2.2.12357.70885},
	url = {https://thesiscommons.org/nmjgz},
	type = {B.Sc. Thesis},
	language = {russian},
	langid = {english},
	date = {2007-06-05}}	

@report{Lemenkova2006a,
	author = {Karsten Gohl and Gabriele Uenzelmann-Neben and Graeme Eagles and Fahl, A. and Thomas Feigl and Jan Grobys and Julia Just and Volker Leinweber and Lensch, N. and Mayr, C. and Parsiegla, N. and Rackebrandt, N. and Schloter, P. and Suckro, S. and Zimmermann, K. and Steffen Gauger and Bohlmann, H. and Gesa Luise Netzeband and Polina Lemenkova},
	options = {maxnames=99},
    	 title = {{Crustal and Sedimentary Structures and Geodynamic Evolution of the West Antarctic Continental Margin and Pine Island Bay}},
        	 howpublished = {Alfred Wegener Institute},
	 address = {Bremerhaven, Germany},
	 doi = {10.13140/RG.2.2.16473.36961},
	 doi+an = {=openaccess},
	 url = {https://epic.Alfred Wegener Institute.de/29852/1/PE_75.pdf},
	 keywords = {report},
	 language = {english},
	 langid = {english},
	 year = 2006}
	
@report{Lemenkova2006b,
	author = {Kuhn, G. and Hass, C. and Kober, M. and Petitat, M. and Feigl, T. and Hillenbrand, C. D. and Kruger, S. and Forwick, M. and Gauger, S. and Lemenkova, P.},
	 options = {maxnames=99},
    	 title = {{The response of quaternary climatic cycles in the South-East Pacific: development of the opal belt and dynamics behavior of the West Antarctic ice sheet}},
        	 howpublished = {Alfred Wegener Institute},
	 address = {Bremerhaven, Germany},
	 doi = {10.13140/RG.2.2.11468.87687},
	 url = {https://epic.Alfred Wegener Institute.de/29852/1/PE_75.pdf},
	 keywords = {report},
	 language = {english},
	 langid = {english},
	 year = 2006}
	
@report{Lemenkova2006c,
	author = {Gohl, K. and Uenzelmann-Neben, G. and Eagles, G.  and Fahl, A. and Feigl, T.  and Grobys, J. and  Just, J.  and  Leinweber V. and Lensch, N. and Mayr, C. and Parsiegla, N. and Rackebrandt, N. and Schluter, P. and Suckro, S. and Zimmermann, K. and Gauger, S. and Bohlmann, H. and Netzeband, G. and Lemenkova, P.},
	options = {maxnames=99},
	title = {{Deep crustal refraction and reflection seismics. Crustal and sedimentary structure and geodynamic evolution of the West Antarctic continental margin and Pine Island Bay}},
	institution = {Alfred Wegener Institute},
	howpublished = {Reports on Polar and Marine Res. 557/117},
	pages = {20--30},
	addendum = {Expedition program No. 75 of ANT-XXIII/4 Cruise 11-12},
	address = {Bremerhaven, Germany},
	issn = {1618-3193},
	doi = {10.6084/m9.figshare.7439243},
	doi+an = {=openaccess},
	url = {https://epic.awi.de/29852/1/PE_75.pdf},
	language = {english},
	langid = {english},
	keywords = {report},
	year = 2006}

@inproceedings{Lemenkova2006e,
	 author = {Gohl, K. and Eagles, G. and Udintsev, G. B. and Larter, R. D. and Uenzelmann-Neben, G. and Schenke, H. W. and Lemenkova, P. and Grobys, J. and Parsiegla, N. and Schlueter, P. and Deen, T. and Kuhn, G. and Hillenbrand, C. D.},
	 title = {{Tectonic and Sedimentary Processes of the West Antarctic Margin of the Amundsen Sea Embayment and Pine Island Bay}},
	 booktitle = {{\nth{2} Open Science Conference \nth{29} SCAR on 'Antarctica in the Earth System'}},
	 location = {Hobart, Tasmania, Australia},
	 eventdate = {2006-07-12/2006-07-14},
	 options = {maxnames=99},
	 doi = {10.6084/m9.figshare.7435484.v1},
	 url = {https://www.scar.org/events/},
	 language = {english},
	 langid = {english},
	 year = 2006}
	
@inproceedings{Lemenkova2005b1,
	author = {Inna Suetova and Ludmila Ushakova and Polina Lemenkova},
	title = {{Geoecological Mapping of the Barents Sea Using GIS}},
	booktitle = {Digital Cartography \& GIS for Sustainable Development of Territories},
	booktitleaddon = {Proceedings of the International Cartographic Conference},
	howpublished = {Session 4 'Land Management (3)'},
	eventtitleaddon = {ICC},
	eventdate = {2005-07-09/2005-07-16},
	location = {La Coru{\~n}a, Espa{\~n}a},
	keywords = {inproceedings},
	doi = {10.6084/m9.figshare.7435529},
	url = {https://icaci.org/icc2005/},
	language = {english},
	langid = {english},
	year = 2005}
		
@article{Lemenkova2005a,
	author = {Inna Suetova and Ludmila Ushakova and Polina Lemenkova},
	title = {{Geoinformation mapping of the Barents and Pechora Seas}},
	journal = {Geography and Natural Resources}, 
	volume = 4,
	publisher = {Siberian Branch RAS},
	editor = {Snytko, V. A.},
	address = {Novosibirsk},
	pages = {138--142},
	issn = {1875-3728},
	doi = {10.6084/m9.figshare.7435535},
	url = {http://www.izdatgeo.ru/journal.php?action=output&id=3&lang_num=2&id_dop=68},	language = {english},
	langid = {english},
	keywords = {article},
	month = 12,
	year = 2005}	

@thesis{Lemenkova2004a,
	author = {Polina Lemenkova},
	title = {{Geoecological Mapping of the Barents and Pechora Seas}},
	school = {Lomonosov Moscow State University, Faculty of Geography, Department of Cartography and Geoinformatics},
	address = {Moscow, Russia},
	editor = {Inna Suetova and Ludmila Ushakova},
	pagetotal = 78,
	type = {B.Sc. Thesis},
	keywords = {thesis},
	doi = {10.13140/RG.2.2.25360.05122},
	url = {https://thesiscommons.org/bvwcr},
	language = {russian},
	langid = {english},
	date = {2004-05-18},
	year = 2004}