@inproceedings{Lemenkova2012f,
	author = {Polina Lemenkova and Bruce Forbes and Timo Kumpula},
	title = {{ILWIS GIS for Monitoring Landscapes in Tundra Ecosystems: Yamal Peninsula, Russia}},
	booktitle = {\nth{3} International Geosciences Students Conference 'Remote Sensing \& Global Surveillance'},
	pagetotal = 30,
	address = {Belgrade, Serbia},
	venue = {Association of Geophysicists \& Environmentalists of Serbia (AGES)},
	keywords = {presentation},
	doi = {10.13140/RG.2.2.18851.50729},
	language = {english},
	langid = {english},
	date = {2012-05-30},
	year = 2012}

@inproceedings{Lemenkova2012c,
	author = {Polina Lemenkova and Bruce Forbes and Timo Kumpula},
	title = {{Mapping Land Cover Changes Using Landsat TM: A Case Study of Yamal Ecosystems, Arctic Russia}},
	 booktitle = {Geoinformatics: Theoretical \& Applied Aspects},
	 booktitleaddon = {\nth{11} International Conference},
	 address = {Kiev, Ukraine},
	 venue = {Great Conference Hall National Academy of Science of Ukraine},
	 keywords = {poster},
	 eventdate = {2012-05-14/2012-05-17},
	 doi = {10.13140/RG.2.2.32044.72329},
	 url = {http://geoinformatics.org.ua/eng/conferences/pages-and-navigation/gis2012/},
	 language = {english},
	 langid = {english},
	 year = 2012}

@inproceedings{Lemenkova2012d,
	author = {Polina Lemenkova and Bruce Forbes and Timo Kumpula},
	booktitle = {Geoinformatics: Theoretical and Applied Aspects},
	booktitleaddon = {Proceedings of the \nth{11} International Conference},
	title = {{Mapping Land Cover Changes Using Landsat TM: A Case Study of Yamal Ecosystems, Arctic Russia}},
	venue = {Great Conference Hall National Academy of Science of Ukraine},
	location = {Kiev, Ukraine},
	eventdate = {2012-05-14/2012-05-17},
	url = {https://elibrary.ru/item.asp?id=24527736},
	doi = {10.6084/m9.figshare.7434242.v1},	
	language = {english},
	langid = {english},
	year = 2012}
	
@inproceedings{Lemenkova2005b1,
	author = {Inna Suetova and Ludmila Ushakova and Polina Lemenkova},
	title = {{Geoecological Mapping of the Barents Sea Using GIS}},
	booktitle = {Digital Cartography \& GIS for Sustainable Development of Territories},
	booktitleaddon = {Proceedings of the International Cartographic Conference},
	howpublished = {Session 4 'Land Management (3)'},
	eventtitleaddon = {ICC},
	eventdate = {2005-07-09/2005-07-16},
	location = {La Coru{\~n}a, Espa{\~n}a},
	keywords = {inproceedings},
	doi = {10.6084/m9.figshare.7435529},
	url = {https://icaci.org/icc2005/},
	language = {english},
	langid = {english},
	year = 2005}
		
@article{Lemenkova2005a,
	author = {Inna Suetova and Ludmila Ushakova and Polina Lemenkova},
	title = {{Geoinformation mapping of the Barents and Pechora Seas}},
	journal = {Geography and Natural Resources}, 
	volume = 4,
	publisher = {Siberian Branch RAS},
	editor = {Snytko, V. A.},
	address = {Novosibirsk},
	pages = {138--142},
	issn = {1875-3728},
	doi = {10.6084/m9.figshare.7435535},
	url = {http://www.izdatgeo.ru/journal.php?action=output&id=3&lang_num=2&id_dop=68},	language = {english},
	langid = {english},
	keywords = {article},
	month = 12,
	year = 2005}	

@thesis{Lemenkova2004a,
	author = {Polina Lemenkova},
	title = {{Geoecological Mapping of the Barents and Pechora Seas}},
	school = {Lomonosov Moscow State University, Faculty of Geography, Department of Cartography and Geoinformatics},
	address = {Moscow, Russia},
	editor = {Inna Suetova and Ludmila Ushakova},
	pagetotal = 78,
	type = {B.Sc. Thesis},
	keywords = {thesis},
	doi = {10.13140/RG.2.2.25360.05122},
	url = {https://thesiscommons.org/bvwcr},
	language = {russian},
	langid = {english},
	date = {2004-05-18},
	year = 2004}

@misc{Lemenkova2002b,
	title = {{Ecological and Geographical Mapping of the Baltic Sea Region in the Gulf of Finland}},
	author = {Polina Lemenkova},
	doi = {10.6084/m9.figshare.7294661},
	doi+an = {=openaccess},
	pagetotal = 27,
	url = {https://zenodo.org/record/2574447},
	addendum = {Term Paper},
	organization = {Lomonosov Moscow State University},
	location = {Moscow, Russia},
	language = {russian},
	langid = {english},
	date = {2002-03-30},
	year = 2002}